2054 3262
282 192 364 238 418
671 198 895 241 QUAESTIO
925 199 986 235 DE
1019 197 1151 243 AQUA
1181 200 1243 235 ΕΤ
1276 199 1458 239 TERRA.

281 301 439 342 utrum
471 306 589 352 aqua
629 294 677 339 in
717 294 897 352 sphaera
926 306 1023 348 sua,
1054 294 1140 340 hoc
1186 300 1256 341 est
1288 294 1336 340 in
1366 307 1449 340 sua
1479 295 1678 342 naturali
1710 295 1907 344 circum·

280 369 486 424 ferentia,
528 368 574 413 in
613 367 763 426 aliqua
802 373 934 426 parte
976 373 1095 414 esset
1130 369 1268 429 ‚altior
1301 374 1440 426 terra,
1482 381 1587 427 quae
1628 371 1822 429 emergit
1853 373 1913 418 ab

280 441 427 500 aquis,
457 447 502 486 et
529 453 669 498 quam
701 441 1013 487 communiter
1037 447 1251 499 quartam
1282 442 1573 487 habitabilem
1597 442 1876 500 appellamus
1891 459 1909 502 ;

280 523 327 563 et
363 517 646 574 arguebatur
688 517 813 575 quod
852 518 920 563 sic
959 517 1118 563 multis
1157 517 1426 572 rationibus,
1468 527 1682 574 quarum,
1721 517 1911 575 quibus-

281 589 384 634 dam
417 588 592 633 amissis
631 593 822 646 propter
853 600 1015 635 earum
1054 588 1310 645 levitatem,
1349 588 1555 647 quinque
1585 587 1774 645 retinui,
1805 601 1913 648 quae

283 662 482 719 aliquam
508 659 762 708 efficaciam
785 661 951 707 habere
976 661 1272 709 videbantur.

962 817 1089 855 Prima
1118 816 1240 855 Ratio.

369 955 393 1018 ἓ
434 956 503 1003 ΙΙΙ.
552 955 702 1002 Prima
732 955 821 1001 fuit
853 954 986 1002 talis:
1030 956 1236 1001 Duarum
1281 954 1763 1003 circumferentiarum
1803 957 1914 1004 inae·
1972 947 1974 949 ’
2018 931 2022 939 X

281 1031 479 1089 qualiter
509 1044 534 1077 a
575 1042 623 1076 se
665 1030 936 1076 distantium
968 1030 1243 1087 impossibile
1277 1036 1346 1076 est
1377 1030 1499 1075 idem
1530 1042 1628 1076 esse
1669 1037 1913 1077 centrum:

281 1103 653 1150 circumferentia
682 1115 815 1162 aquae
847 1108 895 1149 et
928 1103 1302 1149 circumferentia
1336 1108 1479 1150 terrae
1510 1103 1802 1162 inaequaliter
1850 1103 1914 1149 di-

280 1182 438 1233 stant3
478 1188 585 1234 ergo
629 1182 718 1222 etc.
762 1175 937 1221 Deinde
978 1175 1342 1232 procedebatur:
1388 1176 1543 1231 Quum
1574 1180 1792 1222 centrum
1823 1181 1929 1230 ter-x

280 1262 346 1297 rae
392 1250 451 1296 sit
495 1256 710 1296 centrum
752 1249 977 1304 universi,
1024 1254 1077 1295 ut
1125 1249 1182 1294 ab
1231 1249 1443 1294 omnibus
1490 1247 1824 1305 confirmatur;
1869 1256 1915 1295 et

282 1336 418 1371 omne
451 1324 575 1382 quod
605 1324 742 1369 habet
783 1323 1057 1381 positionem
1097 1324 1145 1368 in
1184 1324 1358 1369 mundo
1388 1323 1521 1369 aliam
1560 1323 1617 1369 ab
1658 1335 1729 1380 e0,
1770 1323 1829 1370 sit
1859 1324 1918 1369 al-

285 1398 376 1444 tius
392 1411 406 1454 3
439 1398 565 1456 quod
596 1397 972 1443 circumferentia
1004 1409 1137 1454 aquae
1169 1398 1227 1443 sit
1258 1397 1392 1443 altior
1423 1396 1797 1443 circumferentia
1825 1403 1918 1444 ter-

283 1482 349 1518 rae
397 1471 774 1526 concludebatur,
820 1482 967 1528 quum
1017 1469 1391 1516 circumferentia
1438 1475 1662 1527 sequatur
1712 1469 1919 1528 undiquc

283 1545 434 1603 ipsum
465 1549 697 1590 centrum.
732 1541 871 1600 Major
902 1541 1164 1599 principalis
1193 1541 1441 1600 syllogismi
1471 1541 1719 1589 videbatur
1759 1547 1920 1600 patere

288 1629 373 1675 per
404 1629 472 1672 ea,
500 1627 605 1674 quae
639 1616 955 1661 demonstrata
985 1619 1094 1659 sunt
1126 1613 1174 1659 in
1206 1612 1488 1670 geometria3
1521 1612 1674 1659 minor
1704 1625 1787 1672 per
1816 1626 1920 1660 sen-

284 1701 407 1745 sum,
441 1701 495 1734 eo
527 1687 653 1746 quod
677 1688 892 1735 videmus
917 1687 965 1733 in
996 1687 1144 1745 aliqua
1177 1691 1309 1745 parte
1336 1692 1474 1732 terrae
1501 1685 1923 1733 circumferentiam

285 1763 460 1809 includi
481 1775 505 1807 a
533 1761 907 1809 circumferentia
931 1773 1083 1820 aquae,
1108 1761 1157 1807 in
1181 1761 1329 1819 aliqua
1355 1772 1470 1808 vero
1495 1759 1694 1806 excludi.

948 1917 1122 1955 Secunda
1150 1918 1271 1956 Ratio.

376 2056 400 2122 ἓ
433 2058 504 2106 IV.
538 2057 754 2104 Nobiliori
795 2055 976 2115 corpori
1007 2056 1204 2103 debetur
1242 2056 1437 2102 nobilior
1474 2055 1636 2115 locus;
1687 2069 1804 2115 aqua
1851 2062 1919 2103 est

290 2132 488 2179 nobilius
519 2142 686 2188 corpus
716 2142 856 2188 quam
900 2135 1052 2175 terra:
1096 2140 1206 2187 ergo
1244 2141 1377 2188 aquae
1411 2129 1610 2176 debetur
1639 2129 1831 2176 nobilior
1861 2129 1922 2175 lo-

291 2219 387 2254 cuS.
420 2206 480 2252 Et
519 2217 628 2251 cum
672 2205 801 2250 locus
840 2208 971 2250 tanto
1012 2203 1072 2249 sit
1115 2202 1325 2260 nobilior,
1357 2208 1531 2261 quanto
1561 2202 1786 2261 superior,
1817 2216 1922 2262 pro-

292 2285 398 2339 pter
427 2278 572 2336 magis
602 2276 910 2336 propinquare
943 2275 1222 2321 nobilissimo
1253 2275 1527 2333 continenti,
1554 2276 1635 2335 qui
1658 2283 1727 2323 est
1754 2277 1923 2323 coelum

290 2353 529 2412 primum3
561 2363 669 2408 ergo
701 2355 790 2396 etc.
824 2348 1065 2407 Relinque,
1098 2348 1222 2406 quod
1253 2348 1382 2394 locus
1411 2361 1544 2407 aquae
1576 2349 1635 2397 sit
1666 2350 1800 2397 altior
1823 2350 1925 2397 loco

293 2433 448 2481 terrae,
484 2430 531 2472 et
564 2436 648 2483 per
690 2435 976 2481 consequens
1013 2423 1137 2480 quod
1171 2434 1288 2480 aqua
1329 2421 1387 2467 sit
1428 2422 1561 2469 altior
1602 2428 1743 2479 terra,
1775 2436 1923 2482 quum

291 2501 408 2547 situs
435 2500 519 2544 l.›ci
553 2504 599 2545 et
630 2498 765 2544 locati
790 2509 883 2543 non
911 2495 1103 2544 differat.
1131 2496 1268 2555 Major
1294 2503 1340 2543 et
1364 2496 1516 2543 minor
1541 2497 1804 2557 principalis
1827 2496 1922 2557 syl-

291 2572 469 2631 logismi
493 2568 629 2630 hujus
651 2569 841 2617 rationis
866 2569 996 2629 quasi
1020 2570 1261 2617 manifeste
1288 2569 1651 2618 dimittebantur.
