2054 3262
338 184 424 234 wo
754 191 975 236 QuAEsno
1005 193 1064 228 DE
1095 190 1228 234 AQUA
1260 191 1322 228 ΕΤ
1354 189 1536 234 TERRA.

1005 382 1131 419 Tertia
1144 435 1148 437 -
1158 383 1280 421 Ratio.

426 515 450 580 ἕ
484 519 535 566 V.
564 520 716 565 Tertia
745 521 862 567 ratio
891 527 1013 568 erat:
1047 521 1202 568 Omnis
1232 520 1398 578 opini0,
1430 532 1535 580 quae
1560 521 1834 580 contradicit
1855 533 1942 569 sen

337 591 423 647 sui,
450 597 518 636 est
550 591 665 638 mala
695 592 846 649 opinio
861 605 875 649 3
909 592 1110 651 Opinari,
1141 603 1307 650 aquam
1336 604 1430 638 non
1459 604 1559 638 esse
1587 593 1795 639 altiorem
1815 599 1951 650 terra¹

337 667 406 708 est
438 663 753 709 contradicere
782 664 966 709 sensui:
999 664 1118 720 Ergo
1149 669 1217 708 est
1249 662 1365 709 mala
1395 664 1560 721 opinio,
1593 665 1745 711 Prima
1776 666 1954 714 diceba-

338 741 417 782 tur
447 743 602 794 patere
647 750 729 795 per
776 744 1185 784 commentatorem
1231 749 1370 795 super
1402 738 1540 784 tertio
1569 738 1623 784 de
1647 742 1857 787 Anima:
1886 753 1956 787 se·

338 809 504 866 cunda,
535 810 633 856 sive
662 811 827 866 minor,
859 823 942 869 per
982 809 1311 868 experientiam
1361 815 1622 866 nautarum,
1668 812 1748 868 qui
1780 811 1957 868 vident,

331 880 381 926 in
410 882 524 928 mari
555 883 819 940 existentes,
851 890 1030 930 montes
1061 884 1146 930 sub
1176 895 1225 928 se
1241 896 1255 939 5
1289 888 1334 928 et
1366 883 1561 940 probant
1592 882 1801 940 dicendo,
1832 884 1958 942 quod

336 955 625 1001 ascendendo
650 957 821 1002 malum
846 957 1005 1003 vident
1031 969 1122 1013 eOS,
1149 957 1194 1002 in
1218 956 1328 1004 navi
1351 969 1464 1003 vero
1485 969 1579 1003 non
1609 957 1801 1014 vident3
1832 958 1956 1016 quod
1980 964 1982 966 ’

339 1027 525 1075 videtur
557 1029 764 1075 accidere
795 1035 981 1087 propter
1009 1030 1108 1086 hoc,
1140 1029 1264 1088 quod
1295 1034 1418 1075 terra
1448 1028 1581 1076 valde
1610 1028 1801 1076 inferior
1823 1030 1883 1078 sit
1909 1035 1954 1078 et

340 1101 552 1159 depressa
580 1114 606 1147 a
637 1102 768 1148 dorso
794 1102 946 1147 maris.
1699 1116 1710 1127 *

1007 1258 1150 1304 Quarta
1177 1257 1298 1295 Ratio.

428 1389 452 1453 ᾗ
484 1391 556 1437 VI.
590 1392 761 1447 Quarto
807 1391 1085 1448 arguebatur
1126 1391 1220 1437 sic:
1259 1392 1303 1438 Si
1348 1397 1471 1440 terra
1499 1405 1590 1440 non
1623 1399 1743 1440 esset
1771 1394 1961 1443 inferior

341 1474 435 1522 ipsa
478 1476 611 1521 aqua,
654 1469 776 1508 terra
816 1467 935 1507 esset
982 1461 1181 1507 totaliter
1220 1463 1318 1509 sine
1359 1464 1505 1522 aquiS,
1543 1465 1703 1512 saltem
1749 1465 1798 1512 in
1827 1472 1956 1525 parte

342 1538 537 1594 detecta,
578 1537 633 1582 de
673 1549 763 1594 qua
807 1535 1064 1593 quaeritur3
1110 1541 1157 1582 et
1186 1536 1253 1583 sic
1283 1550 1371 1583 nec
1401 1544 1551 1584 essent
1597 1538 1761 1596 fonteS,
1809 1551 1957 1597 neque

340 1610 545 1668 flumina,
578 1623 728 1669 neque
758 1611 883 1656 lacus
896 1623 911 1666 3
959 1609 1089 1667 cujus
1133 1611 1391 1668 oppositum
1421 1611 1661 1658 videmus:
1704 1624 1959 1670 quare-op-

340 1684 538 1743 positum
572 1683 683 1741 ejuS,
716 1696 775 1730 ex
804 1695 896 1741 quo
927 1684 1221 1741 sequebatur,
1253 1689 1322 1730 est
1361 1696 1544 1741 verum,
1586 1684 1710 1743 quod
1749 1697 1868 1743 aqua
1898 1684 1958 1730 sit

341 1756 472 1804 altior
503 1762 639 1803 terra.
673 1755 1006 1813 Consequentia
1036 1757 1314 1814 probabatur
1346 1769 1427 1815 per
1457 1758 1558 1815 hoc,
1591 1757 1716 1815 quod
1746 1769 1865 1816 aqua
1885 1769 1961 1803 na·

342 1829 554 1875 turaliter
588 1829 738 1875 fertur
777 1829 1017 1875 deorsum:
1056 1834 1102 1875 et
1149 1842 1255 1875 cum
1295 1842 1420 1876 mare
1460 1830 1519 1876 sit
1549 1829 1832 1888 principium
1863 1841 1959 1876 om-

341 1902 471 1949 nium
501 1915 724 1960 aquarum
755 1901 829 1961 (ut
860 1908 986 1960 patet
1023 1914 1105 1960 per
1149 1903 1475 1960 Philosophum
1505 1903 1554 1949 in
1586 1905 1797 1951 Meteoris
1827 1903 1958 1963 suis),

343 1975 377 2021 si
407 1987 533 2020 mare
562 1987 654 2020 non
685 1980 803 2020 esset
832 1975 966 2020 altius
996 1986 1135 2031 quam
1169 1980 1307 2031 terra,
1339 1987 1432 2020 11011
1461 1981 1731 2025 moveretur
1761 1989 1880 2034 aqua
1903 1976 1960 2023 ad
1991 2029 1993 2031 a

343 2048 486 2106 ipsam
517 2053 688 2094 terram
704 2060 718 2103 3
750 2059 894 2104 quum
925 2046 973 2091 in
997 2046 1120 2091 omni
1150 2052 1281 2092 motu
1300 2046 1504 2093 naturali
1526 2058 1660 2105 aquae
1681 2048 1959 2108 principium

349 2127 550 2181 oporteat
582 2133 678 2167 esse
708 2120 856 2166 altius,

1008 2277 1147 2324 Quinta
1174 2277 1296 2324 Ratio,

431 2413 454 2475 ἓ
491 2415 575 2462 VII.
607 2416 723 2462 Item
753 2415 1032 2473 arguebatur
1062 2415 1252 2473 quinto:
1283 2414 1414 2473 Aqua
1442 2415 1631 2463 videtur
1660 2414 1860 2461 maxime
1888 2425 1961 2461 se·

347 2490 424 2547 qui
448 2496 628 2536 motum
653 2491 811 2544 Lunae,
843 2494 896 2534 ut
926 2494 1052 2547 patet
1082 2488 1130 2533 in
1159 2499 1347 2534 accessu
1378 2493 1424 2534 et
1448 2499 1635 2534 recessu
1658 2488 1796 2534 maris
1806 2501 1821 2546 3
1854 2499 1963 2533 cum
2032 2539 2034 2541 ¹

347 2562 486 2620 igitur
514 2563 635 2609 orbis
678 2562 822 2608 Lunae
862 2562 921 2607 sit
952 2561 1262 2618 excentricuS‚
1293 2560 1561 2607 rationabile
1600 2560 1803 2617 videtur,
1837 2561 1966 2619 quod

349 2649 462 2695 aqua
490 2636 539 2681 in
568 2647 650 2681 sua
679 2634 854 2692 sphaera
887 2633 1285 2679 excentricitatem
1321 2631 1529 2678 imitetur
1558 2631 1679 2678 orbis
1721 2631 1885 2688 Lunae,
1917 2636 1964 2678 et

351 2717 429 2768 per
458 2718 743 2768 consequens
776 2706 833 2752 sit
866 2705 1157 2751 excentrica:
1191 2709 1237 2751 et
1268 2716 1414 2763 quum
1442 2704 1528 2751 hoc
1557 2714 1656 2750 esse
1684 2716 1779 2751 non
1808 2703 1958 2763 possit.
