2054 3262
308 175 395 221 330
903 179 1046 215 Limia
1079 179 1337 216 SECUNDUS.

309 277 565 322 animarum
613 274 840 321 oblatione
884 274 1055 319 bonum
1099 274 1334 332 publicum
1372 285 1540 331 augere
1579 274 1731 321 conati
1773 273 1925 323 sunt?

307 347 466 394 Nonne
494 346 793 393 Cincinnatus
812 345 883 392 ille
901 351 1111 391 sanctum
1128 346 1258 392 nobis
1280 346 1465 405 reliquit
1490 348 1756 407 exemplum
1778 348 1926 396 libere

308 420 564 478 deponendi
595 419 863 476 dignitatem
903 418 951 464 in
992 409 1203 475 terminO,
1243 431 1349 465 cum
1389 425 1652 477 assumptus
1681 421 1739 467 ab
1769 425 1925 467 aratro

306 493 503 538 dictator
527 491 674 537 factus
700 497 783 548 est,
810 496 862 536 ut
889 486 1046 537 Livius
1072 491 1248 536 referti
1270 489 1282 516 ¹
1315 492 1375 537 Et
1407 498 1508 550 post
1533 492 1794 550 victoriam,
1818 498 1922 551 post

304 564 607 621 triumphum,
654 569 835 621 sceptro
879 562 1172 620 imperatorio
1211 563 1428 610 restituto
1472 563 1750 622 consulibuS,
1793 564 1925 610 suba-

306 637 469 682 dactus
490 642 591 695 post
617 637 758 682 boves
783 636 837 680 ad
863 635 1031 681 stivam
1056 646 1273 681 reversus
1298 641 1381 681 est.
1407 637 1582 694 Quippe
1614 636 1662 682 in
1692 635 1790 694 ers
1826 636 1925 684 lau-

303 710 409 756 dem
437 709 596 756 Cicero
627 714 786 754 contra
817 708 1088 765 Epicurum,
1129 708 1176 753 in
1215 708 1268 754 iis
1309 722 1413 767 quae
1439 710 1493 755 de
1524 711 1640 756 Fine
1684 710 1922 764 bonorum,

304 785 577 841 disceptans,
603 784 738 842 hujus
759 784 970 830 beneficii
996 794 1170 828 memor
1194 783 1308 828 fuit:
1335 785 1502 843 ltaque,
1526 783 1691 842 inquit,
1715 788 1756 830 et
1779 782 1922 837 majo-

302 872 376 904 res
404 862 552 906 nostri
576 860 632 905 ab
658 865 822 905 aratro
846 860 1079 904 dnoeernnt
1109 859 1434 904 Cincinnatum
1463 860 1614 915 illum,
1645 863 1696 905 nt
1723 859 1923 906 dictator

301 935 422 976 esset.
450 931 609 977 Nonne
635 931 871 977 Fabricius
895 930 1093 975 alterum
1119 930 1247 975 nobis
1274 931 1398 976 dedit
1424 932 1689 990 exemplum
1711 933 1918 981 avaritiae
1988 932 1991 934 ’

301 1006 559 1062 resistendi,
592 1018 698 1051 cum
734 1017 909 1062 pauper
933 1004 1149 1060 existenS,
1176 1016 1259 1061 pro
1290 1003 1394 1061 side,
1428 1017 1519 1063 qua
1556 1007 1821 1064 reipublicae
1853 1013 1916 1054 te-

302 1079 513 1135 nebatur,
534 1078 634 1123 auri
659 1077 829 1134 grande
853 1076 1031 1135 pondus
1054 1075 1258 1122 oblatum
1283 1076 1456 1133 derisit,
1473 1089 1527 1123 ac
1549 1078 1753 1125 derisum
1777 1080 1920 1127 verba

300 1151 383 1196 sibi
410 1151 734 1197 convenientia
758 1151 956 1196 fundens
979 1149 1187 1206 despexit
1214 1155 1260 1195 et
1285 1149 1543 1196 refutavit?
1574 1150 1721 1209 HuJus
1750 1163 1941 1216 memo·x

263 1234 267 1238 ·
301 1223 414 1268 riam
442 1223 682 1269 confirmat
703 1228 837 1281 poeta
862 1227 1018 1267 noster
1048 1221 1096 1265 in
1127 1228 1273 1279 sextO,
1301 1234 1410 1268 cum
1435 1229 1652 1270 caneret:
1682 1228 1921 1286 Parvoqne

301 1300 519 1353 potentem
560 1297 845 1341 Fabricium.
892 1294 1126 1352 Numquid
1150 1306 1242 1338 non
1269 1295 1541 1351 praeferendi
1572 1294 1694 1353 leges
1724 1297 1918 1355 propriis

301 1369 564 1425 commodiS,
587 1368 880 1414 memorabile
906 1366 1034 1411 nobis
1065 1366 1299 1423 exemplar
1326 1362 1540 1412 Camillus
1570 1366 1694 1413 fuit?
1724 1368 1820 1426 qui,
1847 1381 1916 1415 se-

299 1443 507 1488 cundum
527 1442 727 1497 Livium,
755 1442 996 1486 damnatus
1027 1439 1177 1495 exili0,
1211 1444 1455 1498 postquam
1478 1441 1674 1498 patriam
1703 1442 1916 1491 liberavit

299 1517 541 1572 obsessam,
582 1520 628 1560 et
663 1514 802 1572 spolia
841 1513 979 1559 etiam
1014 1525 1201 1558 romana
1241 1514 1398 1559 Romae
1438 1515 1658 1571 restituit,
1698 1515 1916 1564 universo

297 1590 465 1647 populo
490 1589 784 1643 reclamante,
810 1588 867 1632 ab
891 1587 1006 1632 urbe
1026 1591 1184 1632 sancta
1211 1586 1432 1644 discessit,
1456 1600 1544 1634 nec
1567 1594 1675 1635 ante
1699 1602 1917 1638 reversus

299 1668 383 1717 est,
401 1673 538 1719 quam
563 1660 646 1706 sibi
670 1659 949 1718 repatriandi
975 1658 1161 1704 licentia
1184 1659 1239 1705 de
1261 1659 1536 1706 auctoritate
1563 1661 1758 1708 Senatus
1781 1663 1914 1710 allata

296 1741 431 1780 esset.
458 1734 518 1779 Et
542 1734 667 1778 hunc
696 1731 1040 1788 magnanimum
1070 1737 1204 1789 poeta
1237 1732 1527 1779 commendat
1551 1732 1599 1779 in
1622 1739 1771 1792 sexte,
1804 1749 1911 1783 cum

297 1809 430 1854 dicit:
455 1810 733 1865 Refer-entem
762 1808 896 1864 signa
927 1807 1186 1852 Camillum.
1213 1806 1374 1852 Nonne
1399 1806 1530 1864 filios,
1555 1821 1614 1854 an
1639 1821 1732 1856 non
1755 1822 1913 1857 omnes

295 1883 402 1928 alios
423 1881 760 1939 postponendos
781 1881 942 1937 patriae
959 1881 1173 1932 libertati,
1192 1882 1368 1928 Brutus
1393 1882 1466 1943 ille
1489 1883 1668 1941 primus
1691 1884 1913 1932 edocuit?

294 1968 435 2015 quem
464 1954 622 2001 Livius
653 1953 778 2009 dicit,
811 1953 1045 1998 consulem
1077 1953 1371 2010 existentem,
1412 1955 1620 2013 proprios
1659 1956 1774 2003 filios
1804 1971 1911 2004 cum

295 2031 500 2076 hostibus
525 2028 839 2086 conspirantes
863 2027 999 2073 morti
1027 2028 1216 2074 dedisse.
1247 2027 1386 2085 Cujus
1416 2028 1555 2085 gloria
1586 2037 1839 2077 renovatur
1863 2032 1908 2077 in

294 2109 427 2149 sexto
449 2107 597 2160 poctae
616 2101 777 2156 nostri,
802 2100 857 2144 de
882 2099 979 2156 ipso
1001 2099 1236 2146 canentis:
1265 2102 1487 2160 Nato-sque
1503 2105 1637 2158 pater
1653 2115 1770 2150 nova
1793 2105 1908 2152 bella
1932 2096 1933 2099 ¹

294 2180 512 2222 moventes
542 2175 619 2221 Ad
651 2186 832 2231 poenam
857 2174 1059 2229 pulchra
1094 2187 1179 2231 pro
1211 2174 1420 2219 libertate
1450 2175 1638 2221 vocabit.
1672 2175 1791 2231 Quid
1818 2190 1909 2223 non

295 2249 560 2294 audendum
600 2258 683 2304 pro
714 2244 875 2303 patria,
909 2244 1038 2290 nobis
1077 2244 1248 2290 Mutius
1271 2245 1514 2303 persuasit,
1540 2259 1646 2293 cum
1671 2247 1908 2295 incautum

294 2323 543 2369 Porsenam
582 2319 765 2375 invasit,
807 2331 861 2364 ac
901 2318 1063 2364 deinde
1102 2330 1289 2365 manum
1320 2330 1469 2378 suam,
1506 2333 1596 2380 qua
1636 2322 1908 2382 aberrasset,

294 2410 386 2443 non
411 2396 496 2441 alio
521 2395 658 2441 vultu
683 2404 822 2451 quam
848 2391 885 2438 si
909 2391 1087 2437 hostem
1122 2392 1317 2438 cruciari
1347 2393 1545 2451 videret,
1578 2396 1771 2442 cremari
1795 2400 1909 2456 aspi-

293 2468 478 2517 ciebat?
511 2467 643 2523 Quod
673 2473 719 2512 et
748 2466 906 2512 Livius
930 2464 1185 2510 admiratur
1217 2464 1521 2512 testificando,
1554 2466 1789 2514 Accedant
1819 2469 1907 2515 illae

293 2538 609 2587 sacratissimae
639 2535 842 2583 victimae
872 2534 1134 2590 Deciorum,
1165 2534 1245 2593 qui
1274 2547 1358 2592 pro
1387 2534 1532 2581 salute
1561 2535 1741 2593 publica
1771 2537 1907 2585 devo-

295 2619 362 2659 tas
393 2611 565 2657 animas
588 2611 876 2667 posuerunt:
919 2610 972 2651 ut
1007 2606 1182 2662 Livius,
1215 2618 1307 2652 non
1339 2613 1567 2665 quantum
1597 2613 1666 2654 est
1698 2609 1905 2669 dignum,

292 2687 372 2732 sed
397 2689 623 2743 quantum
654 2680 821 2739 potuit,
852 2678 1145 2737 glorificando
1175 2685 1345 2726 narrat.
1373 2680 1574 2726 Accedat
1599 2686 1645 2727 et
1671 2681 1782 2727 illud
1811 2683 1906 2729 ine-

293 2757 515 2803 narrabile
546 2754 822 2802 sacrificium
851 2752 1127 2800 severissimi
1158 2752 1381 2799 libertatis
1413 2753 1579 2799 tutoris
1609 2753 1745 2800 Marci
1779 2754 1906 2803 Cato·

375 2925 392 2955 1
415 2927 496 2963 Non
523 2926 569 2962 da
603 2925 685 2962 Tito
712 2924 830 2970 Livio,
855 2933 915 2960 ma
947 2924 992 2960 da
1018 2924 1150 2961 Orosio
1174 2922 1237 2973 (11,
1264 2924 1319 2972 12)
1345 2922 1364 2959 ὲ
1390 2927 1525 2972 questo
1550 2924 1641 2961 fatto
1665 2924 1827 2963 riserito.

1795 0 1798 1 ⁷
1813 0 1887 14 ’κη-ιν*
1961 0 1987 11 Μ’.

1799 19 1802 23 f
1867 13 1891 29 ,ι
1990 0 2054 189 ἓ

1871 55 1882 62 -ι
1901 56 1904 62 =

2041 150 2054 159 x<

2032 189 2046 203 vi

2030 206 2045 220 'b

2024 239 2030 247 ⁸
2039 235 2047 252 'x

2024 260 2030 270 ,Ἴ
2047 253 2054 263 ι

2028 571 2054 607 '3¹
