2054 3262
293 137 378 184 398
905 145 1047 182 menn
1077 145 1297 183 Tannus,

294 237 574 295 appellasset.
601 238 646 282 Si
667 243 803 284 etiam
830 237 1155 285 Constantinus
1180 239 1504 286 auctoritatem
1526 252 1620 286 non
1648 240 1899 296 habuisset.

294 309 341 354 in
373 311 679 367 patrocinium
709 311 941 367 Ecclesiae,
975 312 1044 357 illa
1071 324 1174 369 quae
1202 313 1256 358 de
1283 312 1472 370 imperio
1498 313 1736 370 deputavit
1761 314 1817 370 ei,
1843 316 1900 361 de

290 381 392 439 jure
424 384 643 440 deputare
673 396 765 429 non
790 384 1012 441 potuisset
1029 398 1043 441 3
1071 390 1117 430 et
1140 385 1204 430 sic
1229 384 1430 430 Ecclesia
1450 383 1522 428 illa
1542 383 1779 430 collatione
1797 391 1897 431 ute-

294 463 426 502 retur
464 457 656 513 injuste:
698 470 804 503 cum
844 458 966 504 Deus
1007 458 1119 505 velit
1160 457 1408 503 oblationes
1439 469 1537 502 esse
1572 457 1900 514 immaculataS,

289 530 421 587 juxta
452 531 560 576 illud
595 532 814 578 Levitici:
855 534 1009 579 Omnis
1033 534 1211 588 oblatio,
1240 545 1337 592 quoe
1365 534 1556 590 offertur
1586 532 1794 586 Domino,
1825 531 1901 576 ab·

295 617 398 663 sque
420 607 636 663 fermento
656 608 740 664 fiet.
772 607 899 661 Quod
917 606 1099 664 quidem
1117 611 1418 663 praeceptum,
1443 604 1548 650 licet
1578 604 1634 649 ad
1659 603 1903 649 offerentes

294 677 454 722 faciem
484 679 649 724 habere
681 678 907 735 videatur,
939 679 1226 724 nihilominus
1264 683 1331 723 est
1353 690 1435 735 per
1456 690 1740 737 consequens
1755 680 1813 725 ad
1830 691 1900 724 re-

297 750 528 807 cipientes.
563 751 763 796 Stultum
794 752 914 797 enim
946 756 1014 796 est
1048 751 1235 796 credere
1260 751 1408 795 Deum
1439 750 1557 796 velle
1585 751 1746 809 recipi,
1777 751 1900 809 quod

296 823 503 879 prohibet
535 824 737 868 exhiberi
752 837 768 880 ;
800 836 907 869 cum
938 824 1075 870 etiam
1107 823 1154 868 in
1188 824 1348 869 eodem
1379 824 1675 881 praecipiatur
1699 824 1899 870 Levitis:

295 896 442 942 Nolite
458 898 772 942 contaminare
788 898 969 941 animas
980 900 1165 948 vestras,
1178 908 1260 940 nec
1271 897 1470 953 tanqatis
1480 900 1719 954 quicquam
1731 909 1903 952 eorum,

294 982 350 1014 ne
375 970 600 1014 immundi
623 972 736 1015 sitis.
771 970 859 1015 Sed
891 970 1042 1015 dicere
1069 971 1189 1027 quod
1215 970 1416 1015 Ecclesia
1442 971 1661 1015 abutatur
1684 970 1901 1028 patrimo-

294 1040 370 1087 nio
407 1041 488 1085 sibi
529 1043 763 1099 deputatO,
795 1048 863 1087 est
905 1043 1038 1088 valde
1076 1042 1441 1100 inconveniens3
1474 1054 1582 1099 ergo
1610 1042 1770 1088 falsum
1802 1047 1905 1088 erat

294 1113 420 1170 illud,
451 1128 511 1161 ex
540 1126 631 1172 quo
662 1116 954 1172 sequebatur.

381 1184 404 1248 ἕ
439 1188 542 1232 ΧΙΙΙ.
574 1187 794 1246 Amplius,
826 1188 863 1233 si
892 1188 1093 1234 Ecclesia
1125 1189 1351 1234 virtutem
1375 1187 1564 1233 haberet
1588 1185 1902 1233 authorizandi
1935 1203 1944 1212 =

295 1272 535 1306 romanum
566 1261 838 1318 principem,
869 1267 948 1307 aut
977 1261 1166 1306 haberet
1196 1274 1220 1306 a
1251 1261 1362 1316 Dec,
1394 1264 1474 1305 aut
1499 1272 1524 1304 a
1544 1271 1609 1316 se,
1634 1265 1714 1305 aut
1738 1260 1795 1305 ab
1820 1259 1905 1305 im-

294 1337 504 1389 peratore
535 1332 701 1389 aliqUO,
733 1338 812 1377 aut
843 1333 898 1378 ab
928 1334 1146 1379 universo
1183 1333 1445 1378 mortalium
1474 1344 1676 1389 assensn,
1706 1332 1783 1379 vel
1818 1332 1904 1378 sal·

297 1409 390 1449 tem
429 1415 488 1449 ex
528 1403 613 1448 illis
655 1404 1021 1461 praevalentium.
1067 1404 1195 1450 Nulla
1229 1411 1298 1450 est
1327 1405 1411 1450 alia
1441 1404 1621 1461 rimula,
1651 1416 1734 1462 per
1764 1414 1904 1463 quam

295 1476 447 1523 virtus
476 1476 575 1522 haec
607 1477 663 1521 ad
692 1477 941 1523 Ecclesiam
971 1489 1156 1523 manare
1186 1478 1441 1534 potuisset:
1474 1478 1555 1523 sed
1584 1490 1610 1524 a
1639 1478 1765 1524 nullo
1795 1478 1904 1525 isto·

295 1561 400 1595 rum
426 1549 560 1594 habet
580 1563 590 1594 :
607 1541 609 1543 ’
624 1562 730 1606 ergo
753 1550 978 1596 virtutem
1004 1550 1273 1608 praedictam
1296 1562 1389 1596 non
1412 1550 1562 1596 habet.
1591 1551 1722 1606 Quod
1745 1556 1903 1596 autem

295 1634 317 1666 a
351 1621 476 1666 nullo
508 1621 701 1666 istorum
730 1622 908 1679 babeat,
939 1622 1005 1667 sic
1036 1627 1239 1680 apparet.
1273 1623 1386 1669 Nam
1415 1622 1453 1667 si
1477 1634 1502 1667 a
1523 1622 1616 1667 Deo
1639 1622 1905 1680 recepisset,

297 1695 382 1740 hoc
413 1694 575 1740 fuisset
607 1701 688 1741 aut
720 1708 803 1753 per
832 1696 978 1753 legem
1011 1697 1229 1753 divinam,
1261 1702 1340 1742 aut
1373 1708 1457 1754 per
1487 1697 1740 1742 naturalem
1751 1709 1766 1753 3
1798 1695 1905 1754 quia

297 1769 418 1825 quod
448 1781 471 1813 a
504 1774 668 1814 natura
698 1769 939 1827 recipitur,
971 1782 994 1814 a
1027 1770 1120 1815 Deo
1150 1770 1389 1827 recipitur,
1415 1781 1508 1815 non
1533 1775 1689 1815 tamen
1715 1781 1908 1815 conver·

298 1840 427 1886 titur.
461 1841 547 1886 Sed
577 1852 671 1886 non
702 1853 785 1898 per
812 1841 1083 1897 naturalem,
1109 1841 1215 1899 quia
1236 1848 1399 1887 natura
1423 1841 1615 1899 imponit
1641 1841 1802 1899 legem,
1817 1841 1907 1888 nisi

295 1912 389 1956 suis
413 1912 663 1968 effectibus,
691 1926 797 1959 cum
823 1914 946 1958 Deus
971 1913 1253 1959 insufficiens
1279 1926 1376 1959 esse
1402 1926 1495 1959 non
1519 1913 1676 1971 possit,
1703 1914 1779 1959 ubi
1805 1915 1907 1959 sine

297 1985 509 2029 secundis
538 1985 778 2041 agentibus
808 1984 978 2042 aliquid
1008 1984 1054 2029 in
1086 1996 1182 2029 6556
1213 1986 1440 2041 producit.
1467 1985 1596 2031 Unde
1618 1997 1725 2031 cum
1748 1985 1908 2031 Eccle-

297 2056 360 2101 sia
391 2068 483 2101 non
513 2056 572 2101 sit
604 2055 792 2102 effectus
822 2062 1018 2112 naturae,
1049 2033 1131 2101 sed
1163 2057 1245 2101 Dei
1271 2056 1491 2102 dicentiS.
1520 2059 1664 2115 Super
1687 2059 1806 2104 hanc·
1825 2071 1907 2116 pe·

297 2133 342 2174 tv
344 2142 419 2174 am
449 2129 677 2186 oedz‘fioabo
708 2130 962 2175 Eccleszam
989 2141 1168 2182 meam,·
1199 2133 1245 2173 et
1275 2128 1402 2174 alibi:
1437 2130 1559 2186 Opus
1580 2131 1905 2184 consummavi,

295 2203 409 2261 quod
433 2203 593 2249 dedisti
622 2203 735 2249 mihi
764 2207 815 2248 ut
841 2205 1044 2261 faciam:
1074 2201 1367 2246 manifestum
1398 2207 1484 2258 est,
1516 2201 1640 2259 quod
1669 2201 1711 2247 ei
1740 2208 1908 2249 natura

299 2274 444 2331 legem
475 2287 567 2319 non
599 2275 737 2320 dedit.
766 2275 853 2319 Sed
878 2286 966 2320 nec
991 2285 1074 2331 per
1099 2273 1314 2320 divinam.
1344 2273 1502 2319 Omnis
1525 2285 1723 2332 namque
1752 2274 1908 2321 divina

298 2346 375 2394 lex
405 2348 601 2393 duorum
633 2347 1030 2392 Testamentorum
1071 2345 1244 2402 gremio
1281 2346 1576 2393 continetur:
1606 2347 1655 2392 in
1685 2359 1777 2405 quo
1806 2347 1907 2405 qui-

301 2421 404 2466 dem
435 2420 606 2478 gremio
639 2420 841 2477 reperire
865 2431 959 2464 non
983 2431 1183 2476 possum,
1210 2420 1532 2477 temporalium
1555 2420 1906 2466 sollicitudinem

300 2494 394 2540 sive
444 2505 601 2539 curam
647 2492 900 2538 sacerdotio
946 2492 1092 2548 primo
1136 2491 1212 2537 vel
1258 2491 1504 2537 novissimo
1544 2491 1908 2538 commendatam

302 2561 453 2611 fuisse.
487 2564 697 2619 Quinimo
727 2562 927 2618 inveniO,
958 2563 1219 2608 sacerdotes
1255 2563 1426 2620 primos
1454 2564 1510 2608 ab
1542 2563 1614 2609 illa
1646 2563 1701 2609 de
1735 2575 1908 2621 praece-

301 2644 380 2697 pto
411 2643 627 2693 remotOS,
658 2641 710 2682 ut
736 2641 861 2694 patet
886 2648 968 2694 per
994 2647 1046 2680 ea
1071 2647 1175 2692 quae
1202 2635 1326 2680 Deus
1350 2637 1406 2682 ad
1430 2636 1648 2695 Moysen:
1679 2641 1726 2681 et
1755 2648 1907 2683 sacer·

302 2710 432 2758 dotes
470 2709 753 2766 nov1ssimOS,
794 2719 878 2767 per
917 2719 970 2754 ea
1008 2718 1112 2768 quae
1147 2707 1354 2755 Christus
1383 2709 1441 2755 ad
1471 2708 1728 2768 discipulos,
1760 2711 1906 2768 Quam
