2054 3262
319 170 369 215 31
378 170 404 214 Ο
950 178 1094 215 LIBER
1123 179 1315 217 PRIMUS.

317 274 488 332 aliquid
519 286 545 319 a
575 274 776 320 maximo
807 280 914 320 ente
946 275 1200 333 elongatur,
1233 282 1363 323 tanto
1394 281 1441 323 et
1471 277 1528 324 ab
1558 290 1656 326 esse
1697 290 1862 336 unum,
1893 284 1938 325 et

317 358 401 403 per
433 358 720 403 consequens
750 347 807 392 ab
838 358 936 392 esse
967 347 1152 393 bonum.
1187 347 1383 405 Propter
1414 349 1539 407 quod
1558 349 1606 395 in
1627 350 1752 396 omni
1771 362 1939 408 genere
1999 356 2002 362 ⁴

316 431 474 463 rerum
501 419 612 464 illud
636 424 705 464 est
723 419 963 477 optimum,
989 420 1115 477 quod
1139 414 1207 466 est
1228 420 1427 467 maxime
1452 434 1615 481 unum,
1649 428 1705 469 ut
1739 423 1939 469 Philoso-

316 491 404 548 pho
429 491 576 548 placet
601 492 650 537 in
674 491 728 537 iis
752 504 857 550 quae
879 493 934 538 de
950 492 1218 550 simpliciter
1241 492 1375 538 Ente.
1399 493 1529 539 Unde
1553 493 1622 551 fit,
1648 494 1772 552 quod
1791 506 1941 541 unum

317 576 416 609 esse
449 565 638 610 videtur
668 577 766 611 esse
795 565 928 612 radix
958 566 1070 624 ejus,
1102 566 1224 623 quod
1255 571 1324 611 est
1357 577 1455 610 esse
1486 565 1690 612 bonum:
1727 571 1773 613 et
1795 567 1942 613 multa

317 650 430 694 esse,
462 637 558 694 ejus
589 638 713 696 quod
746 644 815 684 est
842 650 939 684 esse
963 637 1147 684 malum.
1177 638 1326 693 Quare
1352 638 1635 695 Pythagoras
1665 639 1715 684 in
1746 639 1942 684 correla-

318 711 520 756 tionibus
546 712 654 767 suis,
680 725 739 758 ox
763 718 893 769 parte
918 712 1024 757 boni
1044 712 1242 769 ponebat
1268 724 1430 768 unum,
1458 723 1519 758 ex
1542 717 1672 770 parte
1696 723 1812 759 vero
1835 709 1943 757 mali

317 783 446 840 plura
467 781 511 829 :¹
545 790 598 830 ut
628 789 754 842 patet
785 784 833 829 in
863 785 1009 842 primo
1040 797 1217 841 eorum,
1249 797 1354 842 quae
1401 785 1458 831 de
1497 783 1776 841 simpliciter·
1805 782 1940 828 Ente.

317 858 432 904 Hinc
463 858 610 904 videri
639 864 789 916 potest
820 859 945 916 quod
974 871 1166 916 peccare
1191 859 1301 904 nihil
1327 865 1396 904 est
1421 858 1544 905 aliud
1567 869 1708 916 quam
1730 856 1943 915 progredi

317 931 373 976 ab
398 942 491 976 uno
516 936 669 987 spreto
692 931 750 975 ad
780 930 956 987 multa,
979 930 1103 988 quod
1128 931 1314 988 quidem
1339 931 1577 977 Psalmista
1602 931 1721 976 bene
1740 929 1942 986 videbat,
1997 942 2000 945 ’

318 1004 503 1049 dicens:
539 1005 579 1049 A
606 1004 763 1060 fructu
791 1004 1029 1060 frumenti,
1057 1003 1156 1049 vini
1180 1007 1221 1048 et
1244 1004 1332 1049 olei
1361 1003 1662 1060 multiplicati
1679 1005 1798 1047 sunt.
1826 1000 1944 1046 Con-

318 1082 408 1122 stat
443 1076 597 1133 igitur,
631 1076 755 1132 quod
784 1087 920 1120 omne
951 1076 1074 1132 quod
1106 1081 1174 1120 est
1206 1075 1394 1132 bonum,
1425 1087 1508 1132 per
1538 1075 1625 1119 hoc
1655 1078 1724 1119 est
1750 1073 1942 1130 bonum,

318 1151 443 1209 quod
473 1150 520 1195 in
552 1163 645 1196 uno
675 1150 898 1197 consistit.
931 1150 1123 1196 Etcum
1157 1148 1415 1206 concordia,
1446 1149 1494 1192 in
1526 1152 1754 1205 quantum
1787 1145 1943 1204 hujus·
2005 1171 2034 1178 ->

315 1224 454 1280 modi,
486 1224 544 1269 sit
576 1223 807 1280 quoddam
837 1223 1010 1268 bonum
1026 1236 1042 1279 3
1073 1220 1370 1266 manifestum
1401 1226 1469 1266 est
1495 1232 1596 1266 eam
1621 1220 1871 1267 consistere
1896 1213 1948 1265 in*

319 1296 469 1355 aliquo
500 1309 609 1352 un0,
642 1301 862 1352 tanquam
885 1295 933 1339 in
957 1294 1141 1353 propria
1164 1294 1343 1339 radice:
1371 1305 1476 1351 quae
1503 1291 1689 1350 quidem
1708 1292 1842 1338 radix
1865 1304 1943 1350 ap-

318 1370 511 1427 parebit,
542 1369 579 1414 si
612 1374 775 1414 natura
801 1368 877 1414 vel
902 1368 1018 1414 ratio
1044 1367 1300 1413 concordiae
1326 1370 1552 1411 sumatur.
1579 1364 1662 1410 Est
1687 1365 1812 1412 enim
1836 1376 1943 1410 con-

318 1443 472 1488 cordia
502 1442 739 1487 uniformis
768 1446 922 1486 motus
963 1440 1165 1497 plurium
1195 1439 1507 1495 voluntatum,
1549 1438 1598 1483 in
1629 1450 1719 1495 qua
1755 1437 1942 1495 quidem

319 1516 497 1561 ratione
513 1521 718 1573 apparet,
738 1508 966 1560 unitatem
990 1514 1302 1570 voluntatum,
1323 1526 1428 1571 quae
1445 1525 1530 1571 per
1555 1512 1832 1559 uniformem
1849 1525 1943 1559 mo-

319 1594 422 1634 tum
453 1589 591 1633 datur
621 1587 827 1644 intelligi,
872 1586 1129 1632 concordiae
1160 1586 1364 1632 radicem
1404 1597 1516 1643 esse,
1546 1586 1623 1632 vel
1662 1585 1806 1644 ipsam
1837 1598 1942 1632 (mn-

320 1663 537 1708 cordiam.
570 1649 685 1707 Nam
715 1661 836 1707 sicut
866 1661 1023 1718 plures
1053 1661 1205 1718 glebas
1235 1659 1495 1706 diceremus
1519 1659 1786 1716 concordes,
1810 1671 1945 1717 prop-

322 1741 394 1791 ter
418 1734 784 1780 condescendere
812 1744 970 1779 omnes
994 1732 1051 1777 ad
1070 1732 1303 1778 medium:
1337 1738 1383 1778 et
1409 1731 1565 1790 plures
1583 1730 1788 1778 flammas
1813 1744 1947 1789 prop-

318 1816 391 1854 ter
424 1809 728 1853 coascendere
760 1819 918 1854 omnes
952 1808 1010 1853 ad
1041 1807 1480 1863 circumferentiam,
1501 1806 1539 1851 si
1568 1806 1828 1852 voluntarie
1858 1806 1945 1851 hoc

317 1881 522 1925 facerent
540 1893 556 1936 3
581 1879 644 1924 ita
667 1880 874 1925 homines
898 1880 1054 1938 plures
1079 1881 1330 1927 concordes
1357 1880 1568 1937 dicimus,
1595 1885 1786 1938 propter
1809 1877 1943 1924 simul

318 1954 497 1999 moveri
528 1954 789 1999 secundum
819 1954 938 2000 velle
969 1954 1027 1999 ad
1055 1966 1219 2011 unum,
1253 1955 1377 2011 quod
1407 1948 1477 2000 est
1506 1953 1758 1999 formaliter
1787 1953 1836 1997 in
1864 1963 1944 1998 vo·
2010 2008 2014 2009 ⁷

317 2027 605 2075 luntatibus:
639 2028 758 2073 sleut
785 2027 975 2085 qualitas
1000 2040 1092 2073 una
1117 2027 1369 2073 formaliter
1393 2027 1442 2072 in
1462 2026 1619 2084 glebis,
1643 2026 1818 2073 scilicet
1843 2038 1943 2083 gra-

318 2103 439 2148 vitas
455 2115 469 2159 3
487 2107 534 2147 et
553 2115 644 2147 una
665 2102 713 2147 in
729 2101 934 2158 flammis,
953 2102 1130 2148 scilicet
1146 2103 1322 2149 levitas
1343 2103 1457 2156 Nam
1474 2102 1628 2149 virtus
1642 2101 1850 2158 volitiva,
1866 2114 1944 2159 po-

317 2177 461 2222 tentia
484 2177 698 2233 quaedam
719 2182 787 2221 est
807 2190 816 2221 :
840 2177 920 2221 sed
940 2176 1114 2233 species
1134 2177 1240 2222 boni
1261 2176 1548 2234 apprehensi,
1565 2176 1710 2222 forma
1728 2181 1797 2222 est
1816 2174 1913 2232 ejus
1932 2188 1952 2221 ;-Ἴ

317 2261 422 2306 quae
445 2248 632 2306 quidem
652 2248 812 2304 forma,
836 2249 1225 2305 quemadmodum
1246 2255 1292 2296 et
1318 2250 1434 2307 aliae,
1460 2262 1553 2295 una
1577 2249 1627 2295 in
1651 2261 1700 2295 se
1724 2248 1943 2306 multipli-

318 2328 467 2379 catur,
484 2323 740 2367 secundum
756 2322 1183 2379 multiplicationem
1198 2324 1403 2369 materiae
1424 2322 1706 2381 recipientia„
1724 2328 1778 2368 ut
1793 2322 1943 2368 anima

319 2401 365 2441 et
382 2406 621 2451 numeruS,
635 2400 680 2439 et
697 2395 794 2439 aliae
813 2394 970 2440 formae
990 2396 1303 2452 compositioni
1321 2395 1653 2452 contingentes.
1667 2395 1724 2440 Iis
1740 2394 1945 2452 praemis-

317 2471 392 2527 εἰς,
422 2475 610 2528 propter
641 2469 994 2515 declarationem
1013 2471 1299 2516 assumendae
1315 2470 1638 2529 propositionis
1663 2470 1722 2516 ad
1731 2469 1943 2545 proposi-

319 2549 435 2601 tum,
456 2542 522 2588 sic
545 2548 766 2599 arguatur
786 2556 795 2587 :
828 2541 987 2588 Omnis
1012 2543 1255 2588 concordia
1279 2543 1507 2600 dependet
1531 2543 1588 2589 ab
1613 2541 1808 2597 unitate,
1835 2552 1941 2598 quae

318 2623 386 2663 est
404 2618 451 2661 in
466 2616 807 2664 voluntatibus:
826 2628 971 2673 genus
985 2616 1239 2662 humanum
1257 2616 1426 2674 optime
1450 2628 1499 2662 se
1523 2616 1696 2661 habens
1719 2620 1789 2660 est
1814 2626 1942 2672 quae-

354 2775 370 2802 1
396 2775 551 2811 Sembra
576 2775 646 2811 ebe
672 2774 791 2809 Dante
816 2773 920 2819 (nota
950 2773 978 2809 il
1003 2773 1090 2809 Car·
1156 2784 1238 2809 cum
1269 2777 1503 2821 incorporem
1540 2774 1682 2818 formas
1699 2798 1710 2816 ,
1742 2783 1787 2809 ac
1822 2775 1947 2818 prima

312 2827 492 2871 migneni)
517 2835 654 2863 avesse
671 2826 806 2861 attinto
830 2825 931 2861 dalla
950 2825 1089 2861 lettura
1159 2825 1357 2870 principia.
1389 2823 1509 2859 verbis
1528 2824 1672 2859 tradere
1689 2832 1763 2858 non
1791 2827 1947 2868 possent,

307 2877 346 2910 di
373 2876 528 2912 Portirio
550 2875 585 2910 la
606 2876 829 2920 coguizione
854 2875 914 2910 del
934 2877 1091 2910 sistema
1159 2874 1207 2908 ad
1222 2873 1567 2909 demonstrationem
1592 2882 1661 2920 per
1676 2883 1847 2909 numeros
1863 2882 1946 2908 con-

311 2927 367 2962 ‘le'
382 2927 529 2963 numeri
553 2926 590 2962 di
616 2926 810 2972 Pittagora
829 2936 838 2961 ;
861 2924 1091 2971 Pythagorei,
1159 2923 1334 2970 fayorunt
1357 2924 1431 2959 etc.
