2054 3262
310 157 396 202 236
925 166 1068 204 LIBER
1097 166 1288 206 PRIMUS.

307 258 571 304 intellectus
600 259 836 317 possibilis,
866 273 948 319 per
976 262 1104 319 prius
1133 263 1189 308 ad
1226 263 1572 322 speculandum,
1601 268 1649 312 et
1687 263 1910 311 secunda-

308 330 373 375 rio
398 337 586 387 propter
610 332 694 377 hoc
719 332 776 376 ad
799 334 1079 389 operandum
1103 346 1185 392 per
1206 347 1334 379 suam
1361 335 1688 382 extensionem.
1715 335 1774 382 Et
1799 335 1904 393 quia

311 403 694 458 quemadmodum
724 409 791 448 est
821 404 869 448 in
893 410 1038 462 parte,
1064 406 1128 449 sic
1153 411 1220 450 ¹est
1245 406 1293 450 in
1319 410 1434 461 tot03
1460 411 1506 450 et
1530 405 1578 450 in
1601 406 1782 451 homine
1806 418 1906 464 par-

312 472 486 518 ticulari
521 474 759 531 contingit,
793 476 915 532 quod
945 477 1142 523 sedendo
1174 483 1220 523 et
1261 477 1538 534 quiescendo
1576 477 1820 534 prudentia
1859 482 1907 523 et

307 546 527 603 sapientia
544 546 639 604 ipse
661 547 898 604 perficitur
908 562 922 605 3
944 554 1085 605 patet,
1103 550 1223 606 quod
1239 560 1383 605 genus
1402 549 1654 594 humanum
1674 548 1723 592 in
1746 549 1903 606 quiete

306 617 404 663 sive
428 619 756 675 tranquillitate
777 619 900 676 pacis
921 621 975 665 ad
991 621 1226 677 proprium
1245 631 1380 666 suum
1396 632 1525 677 opuS,
1542 620 1665 678 quod
1679 619 1772 665 fere
1793 619 1908 666 divi-

305 700 415 733 num
434 695 500 734 est
519 689 664 747 (Justa
685 691 812 747 illud,
831 694 1042 739 Minuisti
1057 705 1156 736 eam
1172 693 1309 748 paulo
1326 694 1476 737 minus
1492 693 1547 737 ab
1563 691 1758 750 angelis)
1774 691 1908 737 liber-

304 758 418 803 rime
444 766 582 817 atque
608 761 818 808 facillime
844 774 889 807 se
915 763 1063 807 habet.
1092 763 1218 807 Unde
1243 762 1534 809 manifestum
1559 769 1643 820 est,
1667 765 1790 822 quod
1816 777 1908 822 pax

305 831 573 879 universalis
589 839 656 878 est
673 834 895 891 optimum
912 846 1084 889 eorum,
1098 846 1201 891 quae
1215 835 1270 879 ad
1281 840 1482 880 nostram
1494 835 1823 883 beatitudinem
1834 848 1906 883 or-

305 904 537 950 dinantur.
563 907 679 952 Hinc
703 913 787 963 est,
809 907 932 964 quod
952 907 1208 963 pastoribus
1225 907 1279 950 de
1295 918 1479 951 sursum
1495 907 1663 964 sonuit,
1679 920 1772 953 non
1793 908 1907 955 divi-

306 976 398 1032 tiae,
411 989 502 1022 non
514 979 788 1036 voluptates,
805 991 893 1023 non
910 979 1118 1034 honores,
1135 991 1216 1024 nec
1235 979 1468 1035 longitudo
1478 979 1603 1036 vitae,
1616 992 1708 1026 non
1723 981 1905 1037 sanitas,

303 1060 395 1093 non
416 1050 571 1106 robur,
589 1063 679 1096 non
701 1051 1021 1107 pulchritudo;
1044 1051 1122 1095 sed
1142 1062 1245 1107 pax.
1265 1049 1416 1107 Inquit
1436 1050 1557 1095 enim
1579 1051 1772 1096 coelestis
1793 1050 1906 1096 mili-

302 1120 383 1165 tia:
410 1123 569 1168 Gloria
595 1125 646 1168 in
667 1126 904 1170 altissimis
934 1126 1039 1176 Deo,
1071 1128 1110 1169 et
1140 1127 1190 1169 in
1219 1129 1348 1170 terra
1374 1137 1475 1180 paoe
1504 1125 1758 1172 hominibus
1785 1127 1909 1172 bonoe

300 1194 556 1238 voluntatis.
579 1194 695 1239 Hinc
715 1201 759 1239 et
790 1197 891 1241 Pam
911 1196 1032 1240 vobis
1054 1195 1179 1240 Salus
1200 1195 1434 1240 hominum
1451 1196 1688 1241 salutabat.
1708 1197 1909 1244 Decebat
1939 1205 1943 1217 ¹

303 1263 423 1308 enim
449 1276 679 1309 summum
707 1265 1004 1320 salvatorem,
1030 1277 1255 1310 summam
1281 1266 1600 1311 salutationem
1629 1267 1904 1324 exprimere.

274 1360 276 1362 v
304 1334 448 1390 Quem
479 1336 664 1393 quidem
687 1349 859 1382 morem
881 1349 1066 1384 servare
1089 1338 1340 1384 voluerunt
1362 1338 1567 1394 discipuli
1591 1337 1702 1396 ejuS,
1723 1344 1771 1384 et
1793 1339 1907 1385 Pau-

303 1406 374 1451 lus
398 1406 446 1450 in
471 1407 818 1458 salutationibus
842 1411 949 1464 suis,
975 1414 1028 1453 ut
1053 1408 1263 1453 omnibus
1286 1408 1580 1454 manifestum
1604 1421 1700 1455 esse
1723 1416 1889 1467 potest.

391 1476 415 1537 g
447 1478 517 1523 VI.
544 1478 616 1523 Ex
640 1478 693 1523 iis
718 1490 841 1535 erg0,
869 1491 973 1535 quae
1000 1479 1226 1524 declarata
1250 1484 1375 1534 sunt,
1401 1485 1543 1536 patet,
1565 1491 1647 1536 per
1667 1481 1788 1538 quod
1811 1493 1904 1526 me-

304 1550 407 1607 iius,
439 1551 529 1596 imo
560 1564 642 1608 per
673 1552 796 1608 quod
827 1551 997 1608 optime
1026 1562 1169 1607 genus
1192 1551 1443 1596 humanum
1467 1552 1683 1608 pertingit
1707 1553 1766 1597 ad
1789 1565 1904 1610 opus

304 1622 557 1679 proprium.
584 1623 642 1668 Et
668 1635 750 1680 per
775 1635 1061 1680 consequens
1085 1623 1238 1668 visum
1262 1628 1330 1668 est
1354 1623 1788 1680 propinquissimum
1810 1635 1905 1670 me·

304 1695 443 1750 diurn,
477 1707 559 1751 per
583 1697 706 1752 quod
730 1695 826 1741 itur
850 1695 898 1740 in
919 1687 1049 1751 illud,
1075 1696 1131 1740 ad
1156 1696 1279 1752 quod
1302 1695 1432 1742 velut
1456 1695 1504 1739 in
1528 1695 1742 1741 ultimum
1765 1689 1906 1742 finem

299 1766 450 1811 omnia
467 1780 602 1824 opera
628 1772 781 1812 nostra
806 1766 1103 1812 ordinantur:
1131 1766 1255 1824 quod
1280 1772 1349 1812 est
1373 1778 1464 1823 pax
1487 1765 1773 1823 universaliS,
1798 1778 1903 1824 quae

298 1852 382 1897 pro
413 1841 636 1898 principio
667 1841 896 1886 rationum
926 1841 1308 1897 subsequentium
1333 1844 1633 1897 supponatur,
1659 1840 1781 1897 quod
1805 1845 1904 1886 erat

301 1911 625 1967 necessarium,
655 1917 710 1957 ut
736 1911 911 1957 dictum
933 1910 1036 1966 fuit,
1063 1911 1191 1956 velut
1219 1911 1397 1967 signum
1424 1909 1683 1968 praefixum,
1707 1911 1756 1955 in
1779 1911 1904 1968 quod

299 1981 519 2039 quicquid
549 1983 837 2039 probandum
867 1987 936 2027 est
965 1982 1240 2038 resolvatur,
1272 1987 1491 2039 tanquam
1520 1982 1569 2027 in
1597 1982 1902 2028 manifestissi-

301 2065 421 2098 mam
451 2054 711 2100 veritatem.
1065 2094 1068 2097 Α
1728 2108 1731 2109 7

387 2123 410 2184 ,ξ
444 2125 532 2172 VII.
565 2127 818 2172 Resumens
858 2127 998 2184 igitur
1036 2127 1160 2185 quod
1190 2140 1214 2172 a
1254 2127 1478 2185 principio
1518 2128 1772 2184 dicebatur,
1815 2129 1902 2175 tria

299 2199 494 2244 maxime
526 2199 809 2257 dubitantur,
842 2206 888 2245 et
914 2201 1118 2245 dubitata
1143 2206 1423 2257 quaeruntur
1448 2201 1568 2246 circa
1592 2202 1901 2248 monarchiam

299 2273 606 2330 temporalem,
626 2285 730 2330 quae
753 2273 1053 2319 communiori
1073 2273 1298 2319 vocabulo
1317 2278 1617 2331 nuncupatur
1633 2274 1901 2332 imperium:

299 2351 344 2391 et
390 2346 445 2390 de
490 2347 557 2401 iis,
588 2352 640 2391 ut
685 2347 962 2404 praedictum
1008 2351 1092 2402 est,
1122 2346 1406 2403 propositum
1451 2351 1521 2391 est
1560 2347 1654 2397 subs
1678 2346 1905 2403 assignato

299 2417 522 2475 principio
553 2417 892 2474 inquisitionem
917 2417 1066 2462 facere
1090 2417 1347 2461 secundum
1363 2416 1456 2472 jam
1478 2421 1654 2463 tactum
1677 2418 1898 2463 ordinem.

297 2494 452 2549 ltaque
483 2491 627 2549 prima
660 2490 851 2548 quaestio
876 2489 954 2533 sit:
985 2489 1146 2533 Utrum
1168 2487 1224 2532 ad
1247 2488 1363 2533 bene
1388 2499 1486 2533 esse
1510 2487 1687 2544 mundi,
1722 2499 1902 2533 monar·
1927 2544 1931 2546 q

298 2565 395 2611 chia
426 2562 684 2620 temporalis
715 2559 966 2606 necessaria
997 2558 1068 2603 sit.
1102 2558 1196 2603 Hoc
1227 2558 1455 2615 equidem,
1487 2558 1610 2604 nulla
1640 2558 1689 2605 vi
1713 2559 1903 2604 rationis
1937 2603 1942 2607 .

297 2637 371 2683 vel
391 2634 676 2681 auctoritatis
698 2633 923 2686 obstante,
941 2630 1185 2687 potissimis
1201 2635 1246 2675 et
1270 2630 1595 2686 patentissimis
1619 2630 1903 2686 argumentis

295 2708 473 2756 ostendi
503 2712 653 2765 potest
662 2720 676 2762 3
709 2717 907 2763 quorum
937 2703 1137 2760 primum
1168 2703 1224 2747 ab
1253 2702 1527 2748 auctoritate
1558 2701 1804 2758 philosophi
1829 2713 1900 2747 as-

295 2786 505 2827 sumatur
536 2781 591 2824 dc
622 2778 716 2828 suis
757 2778 977 2822 Politicis.
1020 2776 1192 2820 Asserit
1234 2775 1356 2820 enim
1395 2774 1456 2819 ibi
1498 2773 1771 2821 venerabilis
1804 2773 1900 2831 eJus

296 2854 555 2909 auctoritaS,
587 2852 710 2910 quod
740 2852 920 2910 quando
956 2850 1105 2908 aliqua
1141 2851 1272 2908 plura
1316 2849 1588 2896 ordinantur
1633 2848 1692 2895 ad
1735 2860 1900 2906 unum,
