2054 3262
865 169 1010 206 Lumo
1044 168 1272 207 SECONDO.
1806 162 1889 206 197

253 265 481 316 mmmm·
492 277 518 320 ;
539 276 564 311 e
586 263 698 322 pero
720 263 869 323 quello
895 263 975 310 σὴρ
998 264 1022 310 ἑ
1045 267 1160 309 stato
1186 268 1362 310 lrovalo
1382 260 1395 288 ¹
1436 265 1620 310 rimane
1659 278 1724 310 un
1748 266 1893 322 sermo

249 339 443 397 campio
461 337 558 384 ane
572 348 723 395 prose,
746 349 823 383 ma
849 350 942 382 non
961 337 1012 383 al
1037 338 1292 390 contrario,
1313 350 1396 394 per
1418 339 1489 383 cio
1507 338 1585 383 σὴρ
1610 339 1777 384 αἰσιιηρ
1798 350 1896 384 cose

245 413 418 471 paiono
433 410 550 458 dare
567 412 882 470 principanio
906 413 957 458 al
990 424 1155 458 verso:
1180 412 1406 471 adunque,
1433 413 1623 458 secondo
1650 413 1727 457 che
1752 425 1843 458 esso
1871 413 1894 458 e

247 486 454 542 metrico,
484 484 882 543 versifichiamolo‚
907 484 1192 530 tractandolo
1227 497 1312 529 eon
1347 484 1483 542 quell’
1504 484 1682 538 ordine,
1717 485 1794 530 σὴρ
1818 484 1894 529 nel

245 561 338 620 fine
356 559 431 606 del
448 559 602 618 primo
624 557 745 605 libro
762 571 919 605 avemo
935 571 1176 616 promesso.
1203 558 1471 604 Cerchiamo
1487 559 1697 618 adunque
1709 561 1893 616 prima-

247 635 468 688 mente,se
486 634 592 679 culti
614 633 756 692 quelli
781 632 860 678 che
877 634 1023 691 fanno
1048 633 1172 679 versi
1198 633 1395 691 volqari,
1431 632 1474 677 lo
1510 632 1656 676 denno
1681 645 1836 685 usare,
1871 644 1895 676 ο

251 720 324 755 no.
353 708 465 756 Vero
481 708 518 763 ἐ,
537 707 616 754 σὴρ
639 708 731 754 cosi
751 707 1170 765 superficialmente
1191 708 1370 764 appare
1387 706 1436 751 di
1453 706 1507 759 si,
1527 706 1687 762 peroio
1706 705 1783 750 σὴρ
1801 706 1894 749 eia-

247 791 389 827 wuno
409 779 488 825 σὴρ
507 779 559 836 sa
583 781 721 835 versi,
747 780 826 825 dee
850 790 1027 826 ornare
1052 781 1071 826 i
1094 779 1196 825 suoi
1220 780 1345 824 versi
1369 779 1420 824 in
1445 780 1612 837 quanto
1638 776 1669 821 ’l
1695 778 1798 835 pao.
1827 778 1897 822 La

245 851 361 898 onds
382 863 476 898 non
505 852 687 898 essendo
711 854 856 898 niuno
877 853 917 899 si
942 853 1121 912 qrande
1145 855 1429 904 ornamenlO,
1466 849 1575 896 eom’
1595 852 1618 896 ρ
1646 850 1682 896 il
1708 850 1897 906 volqare

247 924 445 981 illustre,
469 939 588 984 pare
611 927 690 974 σὴρ
713 929 907 974 ciascun
928 928 1242 985 versificatore
1267 927 1310 972 lo
1331 925 1490 970 debbia
1512 936 1665 970 usare.
1702 923 1829 968 Oltre
1847 922 1896 967 di

244 1001 409 1057 questa,
429 1011 476 1046 se
493 1001 656 1060 ᾳαρίὶο,
680 1002 758 1047 σὴρ
777 1002 828 1048 in
847 1014 929 1048 suo
948 1013 1111 1060 qenere
1133 1002 1156 1046 e
1177 1001 1346 1055 otlimO,
1366 1002 1408 1045 si
1429 998 1626 1044 mescola
1654 1009 1737 1043 con
1761 996 1803 1040 lo
1819 997 1896 1045 in-

246 1074 435 1131 feriore,
460 1086 576 1131 pare
599 1075 678 1122 σὴρ
701 1088 794 1121 non
817 1075 1063 1121 solamente
1086 1086 1178 1120 non
1204 1075 1271 1132 qli
1304 1074 1427 1131 tolqa
1456 1074 1608 1128 nulla,
1644 1084 1723 1117 ma
1749 1071 1827 1117 σὴρ
1853 1072 1896 1115 lo

245 1147 403 1205 Ῑασσία
425 1148 651 1206 miqliore.
669 1149 715 1194 E
726 1149 840 1206 pero
860 1161 906 1195 se
926 1150 1071 1196 alcun
1088 1149 1416 1208 versificatore,
1443 1159 1622 1194 ancora
1639 1147 1717 1193 σὴρ
1738 1146 1896 1203 faceia

245 1223 541 1266 rozzamente
565 1222 699 1273 versi,
727 1222 770 1268 lo
794 1222 1047 1269 mescolera
1072 1233 1157 1269 oon
1177 1222 1228 1268 la
1251 1235 1336 1267 saa
1373 1233 1624 1277 rozzezza,
1658 1233 1750 1265 non
1776 1219 1896 1264 sola-

247 1294 392 1336 mente
415 1305 447 1338 a
467 1291 530 1338 lei
545 1293 660 1350 sara
676 1294 797 1350 bene,
820 1307 899 1341 ma
919 1308 1099 1353 appare
1117 1295 1195 1342 σὴρ
1215 1296 1306 1341 cosi
1323 1296 1389 1353 qli
1403 1296 1477 1340 sia
1495 1294 1677 1353 bisoqno
1697 1293 1746 1338 di
1760 1293 1898 1350 fare;

249 1364 406 1422 peroio
431 1364 510 1411 σὴρ
533 1366 712 1413 moltoe
730 1369 813 1425 piii
843 1369 1025 1427 bisoqno
1057 1368 1107 1414 di
1128 1370 1254 1414 aiato
1276 1382 1306 1413 a
1326 1368 1469 1427 quelli
1493 1368 1570 1413 σὴρ
1592 1379 1745 1424 ponno
1767 1377 1896 1423 poca,

248 1437 327 1483 σὴρ
349 1450 381 1484 a
402 1439 546 1498 quelli
561 1441 638 1486 σὴρ
647 1453 802 1499 ponno
826 1444 954 1488 assai
968 1456 992 1496 ;
1015 1456 1038 1488 e
1063 1443 1155 1489 cosi
1180 1455 1374 1499 appare,
1395 1442 1473 1488 σὴρ
1498 1455 1527 1486 a
1551 1442 1659 1486 lulli
1680 1441 1699 1487 i
1721 1441 1897 1498 versifi-

247 1512 399 1557 catori
417 1513 492 1558 sia
513 1513 640 1560 licito
666 1515 717 1560 di
732 1516 907 1561 usarlo.
929 1517 1008 1563 Ma
1029 1519 1179 1575 questo
1203 1517 1225 1561 ρ’
1238 1515 1517 1572 falsissim05
1541 1513 1698 1570 percio
1717 1512 1795 1557 σὴρ
1810 1524 1895 1557 an-

245 1593 359 1630 cora
382 1585 450 1642 qli
473 1587 841 1634 eccellentissimi
874 1590 997 1646 poeti
1034 1601 1124 1634 non
1163 1600 1208 1633 se
1241 1601 1299 1633 ne
1329 1588 1476 1632 denno
1509 1599 1688 1643 sempre
1713 1587 1896 1640 vestire,

250 1668 373 1704 come
395 1671 479 1716 per
497 1661 540 1706 le
559 1672 656 1707 cose
683 1661 732 1706 di
754 1665 862 1707 sotto
878 1665 1066 1707 tractate
1086 1662 1128 1707 si
1144 1662 1284 1719 potra
1309 1659 1646 1718 comprendere.
1668 1658 1896 1717 Adunque

247 1733 396 1790 questo
413 1731 594 1779 illustre
613 1735 801 1791 volqare
816 1735 1003 1781 ricerca
1020 1735 1200 1780 nomini
1222 1734 1372 1779 simili
1388 1746 1416 1779 α
1433 1734 1495 1786 se',
1514 1733 1554 1778 si
1577 1744 1699 1777 come
1715 1743 1897 1776 ancora

246 1804 392 1861 fanno
415 1805 483 1863 qli
505 1807 624 1852 altri
645 1810 795 1855 nostri
819 1811 1009 1855 coslumi
1028 1809 1084 1855 ecl
1102 1809 1219 1854 abili
1236 1822 1251 1852 .·
1278 1808 1326 1853 la
1343 1807 1703 1865 maqnificenzia
1719 1804 1899 1863 arande

248 1878 438 1925 riceroa
456 1881 638 1926 nomini
660 1884 845 1939 potenti,
872 1883 919 1929 la
941 1895 1151 1941 porpora
1177 1882 1356 1928 nomini
1384 1881 1567 1933 nobili;
1600 1880 1691 1925 cosi
1716 1889 1897 1924 ancora

245 1954 395 2012 questo
409 1953 541 1998 vuole
555 1954 736 1999 nomini
746 1954 798 2000 di
812 1956 1004 2013 inqeyno
1015 1968 1038 2000 e
1050 1955 1100 2000 di
1110 1956 1300 2000 scienza
1316 1953 1567 2006 eccellenli,
1579 1965 1601 1997 e
1616 1953 1662 2009 ql
1669 1952 1684 1995 i
1699 1952 1818 1996 altri
1829 1949 1898 1995 cli-

245 2026 433 2085 spreyia
455 2039 578 2073 come
587 2038 676 2085 per
697 2029 739 2073 le
756 2039 867 2084 cose,
881 2028 959 2075 σὴρ
975 2030 1051 2086 poi
1066 2030 1109 2074 si
1122 2028 1343 2082 dirann0‚
1356 2028 1474 2073 sara
1489 2026 1741 2083 manifesto.
1769 2026 1897 2070 Tallo

245 2100 396 2159 quello
418 2100 644 2162 adunque,
672 2103 751 2149 σὴρ
775 2117 805 2149 a
829 2105 910 2150 noi
931 2104 974 2150 si
996 2105 1226 2158 conviene,
1255 2116 1280 2149 o
1305 2115 1389 2159 per
1411 2103 1449 2147 il
1488 2114 1664 2159 penem,
1691 2114 1715 2146 o
1734 2114 1821 2158 per
1849 2100 1895 2145 la

247 2186 333 2222 sua
356 2177 517 2233 specie,
541 2188 567 2222 o
588 2189 676 2234 per
700 2178 744 2223 lo
768 2177 1011 2223 individuo
1034 2179 1079 2224 oi
1098 2177 1142 2222 si
1167 2178 1408 2229 conviene‚·
1434 2188 1556 2221 come
1577 2176 1599 2221 ρ’
1624 2176 1810 2229 sentire,
1830 2175 1898 2219 ri-

246 2248 371 2303 dere,
397 2251 723 2308 armeoqiare;
753 2264 831 2297 ma
853 2255 1002 2311 questo
1027 2265 1058 2298 a
1081 2253 1161 2298 noi
1181 2265 1274 2298 non
1298 2254 1340 2297 si
1365 2253 1582 2297 conviene
1606 2263 1690 2308 per
1713 2250 1751 2295 il
1771 2262 1899 2308 qene-

189 2354 193 2356 -
250 2331 318 2375 re,
338 2321 508 2379 perche
522 2322 709 2369 sarebbe
732 2325 1027 2370 convenevole
1043 2336 1161 2371 anco
1183 2325 1279 2370 alle
1301 2325 1434 2370 beslie
1451 2339 1464 2376 ,-
1482 2325 1540 2369 ne'
1559 2336 1641 2381 per
1668 2324 1717 2369 la
1734 2325 1898 2380 speeie,

235 2393 415 2465 'perche
438 2407 470 2441 a
500 2396 604 2442 lulli
623 2397 690 2455 qli
711 2399 893 2444 nomini
915 2399 1052 2444 saria
1076 2400 1370 2445 oon-venevole
1386 2411 1401 2442 .·
1438 2398 1488 2444 di
1512 2398 1591 2443 σὴρ
1615 2408 1707 2442 non
1730 2397 1803 2443 e'e'
1830 2396 1898 2441 al·

252 2478 345 2515 cun
369 2468 561 2524 dubbio,·
585 2472 664 2518 che
687 2474 808 2519 niun
829 2474 944 2525 dice.
966 2474 1044 2521 σὴρ
1069 2474 1105 2519 'l
1129 2476 1170 2520 si
1187 2486 1417 2531 eonvenqa
1439 2474 1491 2519 ai
1515 2472 1800 2518 montanari.
1823 2473 1900 2517 Ma

251 2541 320 2599 ali
342 2543 491 2590 otlimi
515 2547 706 2593 concelli
728 2560 822 2594 non
842 2559 1034 2606 possono
1060 2560 1219 2601 essere,
1252 2561 1298 2594 se
1323 2561 1416 2594 non
1440 2547 1549 2592 dove
1570 2547 1592 2591 e
1617 2546 1826 2591 scienzia
1849 2545 1902 2589 ecl

252 2617 443 2676 inqeqno
457 2632 480 2674 ,·
504 2619 717 2680 adunque
751 2622 800 2668 la
837 2625 996 2669 omma
1034 2625 1212 2683 loquela
1243 2637 1335 2670 non
1368 2624 1409 2669 si
1442 2623 1656 2668 conviene
1682 2620 1733 2665 ai
1762 2619 1901 2664 rozzi

253 2689 492 2746 portatori
505 2705 527 2746 ;
554 2695 769 2740 conviene
788 2696 826 2741 si
849 2708 937 2753 per
968 2696 1002 2740 l'
1022 2696 1262 2742 individuo
1279 2710 1301 2750 ,·
1335 2708 1411 2741 ma
1448 2695 1585 2740 nulla
1620 2694 1707 2739 all’
1727 2693 1899 2738 indici-

294 2817 308 2846 ί
341 2818 369 2855 11
406 2820 528 2859 verbo
562 2826 722 2867 crovare,
757 2824 818 2860 del
855 2825 970 2870 quale
1004 2825 1036 2861 si
1109 2832 1204 2860 anco
1229 2833 1271 2860 so
1296 2823 1319 2859 il
1346 2823 1518 2859 Trissino
1543 2831 1615 2856 non
1643 2821 1822 2857 l'avesse
1850 2821 1904 2855 in—

247 2877 359 2908 terve
381 2870 409 2908 ss
434 2872 605 2910 Trisslno
630 2883 697 2918 per
721 2876 896 2911 tradurre
935 2876 959 2911 il
985 2875 1037 2911 la·
1109 2876 1206 2918 teso,
1228 2874 1300 2910 dee
1326 2871 1474 2919 averio)
1501 2871 1538 2906 di
1560 2874 1721 2916 poeeare,
1747 2871 1904 2905 scrivere

249 2918 330 2957 tino
351 2921 530 2967 invenire,
546 2923 592 2959 ha
608 2923 675 2969 qui
693 2923 719 2960 il
735 2924 954 2971 significato
971 2924 1035 2971 (ed
1107 2926 1147 2959 in
1170 2925 1308 2970 poesia.
