2054 3262
263 126 347 171 196
859 133 1005 169 LIBER
1038 133 1300 171 SECUNDUS.

258 233 304 273 et
337 226 443 285 quia
474 226 599 284 quod
629 224 877 273 inventum
909 233 977 273 est
1017 227 1385 285 prosaicantibus
1424 237 1670 287 permanet
1709 231 1895 279 firmum

258 299 508 357 exemplar,
536 305 582 344 et
607 311 703 344 non
728 310 753 343 e
780 300 1027 357 contrariO,
1061 301 1169 358 quia
1195 302 1408 358 quaedam
1439 303 1663 350 videntur
1686 305 1898 363 praebere

258 373 510 432 primatum
541 372 699 419 versui
717 386 730 428 3
763 385 872 430 ergo
905 374 1165 420 secundum
1198 375 1322 431 quod
1351 377 1602 422 metricum
1630 384 1715 435 est,
1746 378 1896 437 ipsum

259 443 604 502 carminemus,¹
631 444 791 490 ordine
816 450 1158 502 pertractantes
1178 446 1269 502 illo,
1293 459 1431 503 quem
1455 448 1503 492 in
1522 447 1614 495 fine
1634 450 1772 508 primi
1794 451 1897 498 libri

259 516 553 576 polluximus
584 517 858 572 Quaeramus
882 516 1023 573 igitur
1044 517 1187 575 priuS,
1213 524 1374 564 utrum
1395 519 1716 568 versificantes
1739 523 1897 581 vulga-

258 592 374 638 riter
402 592 600 637 debeant
626 591 737 637 illud
762 591 862 648 uti3
896 597 942 636 et
974 591 1217 648 superficie
1245 598 1382 639 tenus
1407 594 1614 653 videtur,
1646 597 1773 655 quod
1801 598 1868 644 sic
1883 612 1897 655 3

259 663 367 722 quia
408 664 556 709 omnis
594 665 675 723 qui
716 664 1027 721 versificatur,
1069 677 1176 710 suos
1211 678 1375 712 versus
1415 679 1643 715 exornare
1683 669 1820 716 debet
1849 670 1898 716 in

261 743 492 795 quantum
517 743 684 795 potest.
714 738 864 793 Quare
891 749 999 783 cum
1024 738 1201 783 nullum
1226 738 1286 783 sit
1309 744 1403 784 tam
1428 741 1612 796 grandis
1637 742 1896 789 exornatio-

260 810 347 865 nis,
389 823 528 869 quam
559 812 751 868 vulgare
782 811 975 867 illustre,
1008 810 1198 857 videtur
1229 813 1352 870 quod
1384 814 1581 872 quisque
1610 815 1900 863 versificator

261 884 424 929 debeat
448 884 601 941 ipsum
627 884 710 929 uti.
741 885 976 929 Praeterea
1008 883 1132 941 quod
1164 883 1391 940 optimum
1421 891 1491 930 est
1521 886 1570 931 in
1599 899 1768 944 genere
1797 900 1898 945 suc,

260 959 297 1003 si
322 959 416 1004 suis
440 958 732 1003 inferioribus
763 958 1029 1014 misceatur,
1061 970 1155 1003 non
1187 958 1334 1003 solum
1365 960 1429 1005 nil
1460 961 1680 1018 derogare
1709 962 1899 1011 videtur

262 1030 340 1086 eis3
367 1031 448 1076 sed
474 1043 525 1075 ea
550 1030 790 1076 meliorare
816 1030 1018 1077 videtur.
1045 1030 1194 1085 Quare
1217 1030 1253 1075 si
1279 1031 1383 1088 quis
1408 1031 1713 1091 versificator,
1739 1045 1897 1092 quam-

259 1115 400 1160 quam
426 1103 543 1149 rude
565 1102 878 1159 versificetur,
907 1103 1059 1160 ipsum
1084 1116 1180 1149 suae
1207 1104 1401 1152 ruditati
1421 1105 1685 1163 admisceat,
1710 1118 1805 1152 non
1818 1119 1898 1155 „so-

258 1175 356 1220 lum
381 1176 499 1220 bene
525 1175 609 1232 ipsi
634 1175 827 1220 ruditati
856 1175 1008 1233 faciet,
1032 1176 1113 1220 sed
1138 1176 1287 1233 ipsum
1312 1176 1380 1223 sic
1403 1176 1556 1224 facere
1586 1184 1801 1236 oportere
1830 1179 1900 1227 vi-

262 1250 415 1295 detur.
459 1248 601 1294 Multo
633 1248 776 1305 magis
808 1259 923 1305 opus
954 1253 1024 1294 est
1055 1248 1285 1306 adjutorio
1322 1249 1423 1307 illis,
1457 1250 1536 1308 qui
1565 1263 1727 1310 pauca,
1759 1263 1898 1310 quam

258 1323 337 1382 qui
362 1323 508 1368 multa
541 1329 734 1380 possunt
751 1336 765 1379 3
799 1328 845 1367 et
876 1322 942 1369 sic
971 1329 1163 1381 apparet
1195 1325 1320 1382 quod
1349 1324 1563 1371 omnibus
1595 1325 1899 1373 versificanti-

258 1399 345 1444 bus
369 1397 504 1443 liceat
527 1397 679 1454 ipsum
705 1396 787 1441 uti.
815 1396 904 1440 Sed
926 1396 1014 1442 hoc
1037 1396 1328 1443 falsissimum
1349 1403 1420 1443 est
1435 1411 1451 1455 3
1477 1399 1584 1455 quia
1606 1410 1694 1444 nec
1714 1411 1898 1457 semper

258 1471 644 1517 excellentissime
676 1477 916 1528 poetantes
941 1471 1112 1516 dehent
1143 1470 1256 1516 illud
1286 1472 1495 1530 induere,
1526 1473 1648 1518 sicut
1678 1486 1762 1531 per
1785 1474 1897 1520 infe-

257 1544 357 1589 rius
380 1549 665 1601 pertractata
691 1543 915 1600 perpendi
941 1543 1129 1600 poterit.
1163 1543 1317 1600 Exigit
1351 1556 1459 1602 ergo
1483 1545 1608 1590 istud
1632 1545 1717 1590 sihi
1749 1546 1897 1592 consi-

257 1618 390 1664 miles
415 1618 557 1676 viros,
585 1617 979 1676 quemadmodum
1000 1617 1074 1662 alii
1099 1618 1245 1663 nostri
1269 1628 1423 1663 mores
1447 1623 1494 1663 et
1517 1618 1728 1664 habitus:
1755 1619 1898 1676 exigit

258 1693 383 1738 enim
405 1691 749 1750 magnificentia
774 1703 936 1748 magna
961 1696 1189 1748 potentes,
1216 1703 1424 1749 purpura
1448 1692 1578 1739 viros
1603 1691 1777 1737 nobiles
1784 1705 1800 1750 3
1831 1692 1897 1738 sic

258 1771 305 1811 et
330 1766 417 1811 hoc
445 1765 726 1811 excellentes
757 1763 939 1820 ingenio
965 1769 1012 1808 et
1037 1763 1230 1810 scientia
1261 1764 1447 1823 quaerit,
1473 1770 1519 1810 et
1545 1764 1654 1811 alios
1683 1777 1897 1823 asperna-

258 1845 351 1898 tur,
375 1845 429 1885 ut
455 1852 538 1897 per
559 1839 775 1885 inferiora
797 1838 1000 1897 patebit:
1029 1850 1135 1883 nam
1157 1838 1382 1897 quicquid
1406 1839 1537 1884 nobis
1559 1840 1794 1898 convenit,
1819 1840 1895 1887 vel

256 1912 400 1969 gratia
427 1912 623 1969 generis,
656 1912 729 1956 vel
761 1910 945 1968 speciei,
977 1908 1054 1956 vel
1085 1909 1313 1957 individui
1354 1910 1590 1969 convenit,
1621 1918 1674 1958 ut
1705 1916 1894 1972 sentire,

255 1987 426 2043 ridere,
457 1986 655 2031 militare
672 1999 687 2043 3
729 1986 809 2031 sed
846 1984 976 2029 nobis
1015 1996 1110 2029 non
1151 1981 1371 2031 convenit
1409 1985 1497 2032 hoc
1526 1986 1670 2043 gratia
1699 1990 1894 2046 generiS,

256 2062 363 2120 quia
391 2061 526 2107 etiam
553 2060 704 2105 brutis
730 2058 1034 2106 conveniret:
1070 2069 1157 2102 nec
1183 2058 1326 2114 gratia
1357 2059 1542 2117 speciei,
1573 2060 1680 2118 quia
1711 2063 1895 2109 cunctis

255 2136 517 2182 hominibus
542 2140 661 2180 esset
689 2133 971 2181 conveniens
988 2146 1001 2189 3
1036 2133 1092 2178 de
1118 2144 1209 2191 quo
1240 2133 1364 2178 nulla
1396 2134 1594 2191 quaestio
1624 2140 1695 2181 est
1710 2149 1724 2193 3
1756 2148 1895 2185 nemo

256 2210 380 2255 enim
411 2209 694 2255 montaninis
723 2209 809 2254 hoc
841 2208 963 2254 dicet
994 2219 1091 2253 esse
1117 2207 1414 2255 conveniens,
1449 2208 1538 2254 Sed
1567 2209 1754 2267 optimae
1784 2223 1893 2258 con-

256 2285 493 2342 ceptiones
522 2296 615 2329 non
640 2288 834 2341 possunt
868 2295 964 2329 esse
995 2283 1082 2328 nisi
1113 2283 1193 2328 uhi
1225 2283 1417 2329 scientia
1447 2289 1494 2329 et
1523 2283 1759 2341 ingenium
1789 2290 1860 2332 est
1875 2300 1891 2342 3

255 2372 366 2417 ergo
398 2359 568 2417 optima
593 2358 770 2416 loquela
798 2370 890 2403 non
917 2357 1138 2404 convenit
1161 2357 1391 2403 rusticana
1419 2356 1727 2414 tractantibus
1740 2371 1756 2415 3
1783 2370 1890 2404 con-

254 2434 387 2484 venit
413 2444 522 2490 ergo
544 2431 770 2480 individui
803 2432 980 2489 gratia:
1013 2431 1095 2476 sed
1125 2430 1235 2476 nihil
1266 2429 1508 2478 individuo
1539 2430 1774 2487 convenit,
1805 2429 1891 2494 nisi

292 2557 308 2583 ¹
334 2556 418 2592 Alla
441 2563 536 2590 voce
559 2555 806 2588 οαντηίνιεηηιε
842 2553 865 2587 11
895 2551 1038 2596 profes-
1105 2550 1292 2585 mundare.
1320 2548 1428 2585 Onde
1451 2547 1550 2584 deve
1574 2556 1596 2584 e
1620 2545 1697 2592 pub
1730 2547 1895 2584 tradursi

247 2617 333 2642 sore
357 2605 476 2641 Witte
496 2614 662 2650 propone
681 2604 718 2638 di
736 2604 932 2639 sostituire
950 2613 1036 2637 eoea-
1103 2599 1364 2646 pettiniamolo,
1393 2598 1686 2639 rimondiamolo,
1715 2598 1787 2634 che
1821 2598 1894 2635 ben

246 2659 451 2700 mtnemns3
477 2663 535 2690 ma
559 2655 596 2689 io
621 2663 693 2688 non
721 2654 820 2688 vedo
845 2652 879 2687 la
905 2660 1036 2687 neces·
1104 2651 1188 2695 lega
1213 2650 1273 2686 col
1298 2651 1486 2691 contesto,
1510 2657 1531 2683 e
1561 2653 1635 2682 non
1671 2647 1731 2692 gii:
1765 2649 1902 2692 versifi-

246 2705 320 2741 sitii
359 2705 396 2740 di
431 2708 566 2750 questa
601 2704 866 2746 sostituzione‚
907 2711 1034 2746 peroc-
1103 2702 1293 2746 chiamolo,
1316 2710 1424 2736 come
1461 2700 1618 2735 traduce
1650 2699 1676 2735 il
1708 2698 1892 2742 Trissino‚

245 2755 315 2793 che
340 2760 561 2801 carminare,
600 2755 720 2790 verbo
756 2758 867 2790 usato
890 2753 937 2788 da
966 2753 1035 2789 Pli-
1103 2754 1393 2790 erroneamente
1428 2749 1692 2788 deducendolo
1730 2749 1778 2786 da
1816 2760 1900 2787 car-

248 2809 326 2853 nio‚
354 2807 529 2853 significa
560 2806 727 2850 cardui-e,
757 2806 954 2851 penitiore,
984 2807 1035 2839 ri·
1106 2814 1200 2839 men.
