2054 3262
221 152 305 196 138

220 254 434 312 superius
466 256 770 314 venahamur,
807 258 932 315 quod
970 257 1017 302 in
1059 257 1264 315 qualibet
1304 257 1481 304 redolet
1523 256 1729 315 civitate,
1769 269 1857 304 nec

222 328 362 372 cubat
396 327 442 372 in
472 328 577 374 ulla.
615 330 774 376 Potest
802 336 955 376 tamen
981 331 1125 388 magis
1157 330 1203 375 in
1235 343 1327 376 una
1361 343 1500 388 quam
1531 331 1579 376 in
1609 330 1695 376 alia
1723 331 1857 377 redo·

223 399 331 458 lere,
357 401 478 446 sicut
504 401 838 460 simplicissima
870 403 1250 459 substantiarum,
1285 415 1391 461 quae
1424 403 1548 449 Deus
1581 409 1668 460 est,
1698 403 1778 462 qui
1808 402 1859 449 in

222 475 404 520 homine
443 476 586 533 magis
626 478 818 534 redolet,
861 490 1000 535 quam
1032 477 1079 522 in
1111 478 1278 537 bruto:
1311 477 1359 522 in
1390 476 1590 534 animali,
1631 489 1770 536 quam
1809 477 1860 523 in

224 550 408 607 planta:
437 551 483 595 in
508 552 608 607 hac,
636 563 777 609 quam
808 552 854 596 in
886 552 1091 597 minera:
1130 551 1176 596 in
1209 552 1315 613 phac,
1359 562 1497 608 quam
1530 551 1577 596 in
1608 551 1713 608 igne
1733 549 1774 596 ε’
1810 550 1860 595 in

226 623 343 682 igne,
361 636 503 681 quam
521 624 568 668 in
595 629 732 669 terra.
752 624 811 669 Et
837 623 1169 680 simplicissima
1194 623 1443 681 quantitas,
1463 623 1584 680 quod
1603 630 1672 668 est
1694 635 1859 679 unum,

225 697 269 741 in
296 697 456 755 impari
483 709 678 743 numero
703 698 880 744 redolet
909 697 1052 754 magis
1085 708 1225 754 quam
1256 696 1304 741 in
1335 696 1434 754 pari
1450 709 1464 753 3
1498 701 1544 742 et
1575 696 1860 754 simplicissi-

224 783 328 816 mus
355 771 491 827 color,
519 771 597 829 qui
621 771 748 816 albus
775 777 860 827 est,
885 771 1030 828 magis
1055 770 1101 814 in
1128 770 1297 816 citrino
1323 782 1463 828 quam
1487 771 1538 815 in
1562 769 1700 817 viridi
1725 770 1859 816 redo·

225 844 302 890 let.
323 845 482 902 Itaque
508 845 662 902 adepti
686 845 811 902 quod
833 845 1168 902 quaerehamuS,
1187 844 1381 890 dicimus
1396 844 1587 899 illustre,
1612 843 1859 901 cardinale,

222 917 441 973 aulicum,
469 923 515 963 et
543 917 714 962 curiale
744 917 938 974 vulgare
964 917 1011 961 in
1035 916 1182 971 Lati0,
1209 916 1335 974 quod
1366 916 1514 961 omnis
1544 915 1664 962 latiae
1697 915 1860 962 civita-

225 992 283 1037 tis
308 998 394 1048 est,
426 997 473 1037 et
504 991 675 1036 nullius
715 1003 812 1037 esse
853 990 1060 1047 videtur,
1101 996 1147 1036 et
1190 1002 1283 1048 quo
1322 989 1614 1047 municipalia
1652 989 1861 1046 vulgaria

223 1067 374 1113 omnia
406 1067 655 1114 latinorum
686 1072 1038 1123 mensurantur,
1070 1067 1403 1125 ponderantur,
1436 1069 1482 1110 et
1515 1069 1859 1126 comparantur.

854 160 999 196 LIBER
1029 160 1225 197 PRIMUS.

877 1326 1043 1374 CAPUT
1081 1327 1208 1373 XVII.

650 1477 775 1522 Quare
804 1477 874 1513 hoc
904 1475 1046 1512 idioma
1074 1474 1224 1512 illustre
1253 1479 1425 1513 vocetur.

311 1584 464 1640 Quare
497 1590 654 1630 autem
683 1585 771 1630 hoc
813 1583 939 1641 quod
980 1588 1223 1641 repertum
1264 1587 1333 1628 ost
1373 1582 1568 1637 illustre,
1613 1579 1861 1637 cardinale,

222 1656 442 1713 aulicum,
475 1662 521 1702 et
556 1656 727 1703 curiale
759 1655 1044 1714 adjicienteS,
1076 1667 1315 1714 vocemus,
1355 1668 1485 1702 nunc
1525 1653 1862 1713 disponendum

222 1735 323 1786 est;
355 1741 440 1787 per
465 1729 590 1787 quod
616 1729 785 1775 clarius
809 1730 962 1788 ipsum
988 1730 1113 1788 quod
1142 1729 1294 1787 ipsum
1325 1733 1395 1775 est
1431 1727 1654 1774 faciemus
1684 1731 1859 1784 patere.

224 1804 434 1849 Primum
474 1804 615 1862 igitur
651 1804 764 1861 quid
800 1803 1101 1860 intendimus,
1144 1816 1253 1850 cum
1291 1803 1471 1849 illustre
1513 1801 1769 1859 adjicimUS,
1814 1806 1862 1847 et

222 1890 367 1936 quare
399 1878 577 1925 illustre
610 1879 820 1937 dicimus,
854 1881 1157 1927 denudemus,
1192 1880 1283 1925 Per
1311 1879 1399 1926 hoc
1429 1877 1654 1937 quidquid
1682 1877 1862 1923 illustre

222 1951 435 2008 dicimUS,
469 1952 767 2009 intelligimus
798 1954 910 2011 quid
942 1952 1223 2010 illuminanS,
1257 1946 1311 1999 et
1335 1951 1647 1998 illuminatum
1677 1948 1864 2007 praeful-

222 2030 313 2080 get.
343 2024 402 2070 Et
428 2026 514 2071 hoc
540 2025 676 2070 modo
702 2025 830 2071 viros
854 2026 1138 2084 appellamus
1155 2025 1372 2082 illustreS,
1399 2025 1476 2072 vel
1501 2025 1608 2082 quia
1632 2029 1861 2084 potestate

222 2098 484 2157 illuminati,
506 2100 616 2145 alios
633 2107 678 2145 et
700 2099 876 2157 justitia
899 2106 946 2146 et
972 2103 1167 2146 caritate
1191 2101 1467 2157 illuminant,
1483 2101 1559 2148 vel
1584 2100 1691 2159 quia
1711 2101 1863 2147 excel-

220 2173 373 2219 lenter
403 2174 661 2231 magistrati
693 2174 979 2220 excellenter
1010 2174 1299 2231 magistrent,
1330 2180 1385 2220 ut
1418 2174 1592 2221 Seneca
1637 2178 1684 2220 et
1713 2173 1864 2220 Numa

224 2247 489 2306 Pompilius.
526 2247 585 2293 Et
618 2248 828 2304 vulgare,
870 2248 926 2293 de
958 2260 1050 2305 quo
1093 2246 1344 2304 loquimur,
1378 2252 1425 2292 et
1455 2246 1756 2292 sublimatum
1794 2251 1865 2292 est

259 2360 273 2386 ¹
301 2359 351 2394 Le
374 2361 521 2403 stampe
547 2358 593 2392 ed
619 2358 629 2392 i
656 2357 793 2402 codici,
813 2357 948 2394 invece
969 2358 1005 2392 di

211 2418 323 2452 quam
354 2410 394 2441 in
425 2410 519 2453 ique,
554 2407 703 2443 lezione
740 2412 919 2452 proposta
946 2408 1005 2442 dal

212 2457 333 2501 Torri,
361 2467 380 2492 c
405 2458 514 2493 ch'io
538 2466 633 2501 pure
660 2458 706 2492 ho
723 2458 905 2501 adottata,
929 2459 1004 2501 leg-

212 2519 311 2553 gono
336 2520 447 2554 quam
478 2511 518 2544 in
547 2509 642 2544 coelo.
669 2510 707 2544 ln
734 2512 832 2544 tutto
867 2514 1005 2554 questo

212 2562 370 2607 periodo
383 2562 553 2609 (osserva
572 2562 827 2606 giustamente
843 2562 868 2596 il
885 2562 1006 2606 prelo—

209 2614 299 2648 dato
322 2612 562 2656 annotatore)
597 2614 716 2647 Dante
743 2612 907 2656 procede
935 2621 1003 2656 per

210 2663 437 2709 gradazione
471 2663 722 2697 decrescente
753 2670 773 2695 a
800 2664 1001 2705 mostrare‚

211 2714 281 2749 che
308 2713 376 2748 Dio
399 2713 432 2748 si
458 2712 655 2748 manifesta
693 2721 803 2747 meno
828 2712 888 2747 nel
916 2721 1002 2758 sog·

212 2766 318 2810 getto
349 2767 603 2807 susseguente
639 2763 707 2799 che
750 2761 1002 2798 nell'antece-

208 2815 336 2849 dente.
363 2813 449 2856 Ora,
475 2822 584 2847 come
608 2812 794 2858 potrebbe
819 2813 911 2848 dirsi
931 2813 1000 2848 che

210 2865 280 2899 Dio
305 2863 499 2907 risplende
525 2862 591 2907 pii]
617 2862 718 2897 nelle
753 2863 905 2896 minim-e
929 2865 999 2897 che

1077 2356 1356 2398 dell'assurd0‚
1375 2357 1424 2392 ed
1449 2366 1469 2391 a
1494 2357 1670 2394 causatio
1695 2356 1871 2393 tradusse

1076 2408 1207 2442 caelum
1232 2417 1297 2453 per
1322 2407 1497 2442 elementi.
1524 2407 1552 2442 ll
1578 2408 1682 2443 Torri
1721 2411 1872 2451 pertan—

1078 2462 1129 2501 to,
1156 2460 1463 2495 conformandosi
1490 2459 1564 2495 alla
1581 2461 1871 2495 concatenazio-

1077 2519 1124 2545 ne
1164 2509 1226 2545 del
1265 2509 1434 2555 periodo,
1474 2518 1584 2553 prese
1624 2508 1652 2544 il
1693 2511 1868 2552 soggetto

1077 2560 1172 2603 tynis
1195 2559 1257 2595 dal
1290 2559 1520 2595 membretto
1549 2561 1818 2604 susseguente,
1851 2566 1872 2592 c

1078 2608 1114 2643 lo
1138 2607 1293 2644 sostitui
1311 2618 1331 2643 a
1348 2609 1475 2643 caetum
1491 2607 1585 2643 dell’
1599 2607 1870 2643 antecedente.

1075 2659 1134 2693 Ma
1160 2659 1426 2704 (quantunque
1452 2659 1489 2694 io
1513 2658 1624 2693 abbia
1643 2658 1814 2692 adottato
1834 2656 1868 2691 la

1078 2714 1255 2756 proposta
1299 2712 1462 2754 lezione)
1499 2709 1624 2746 debbo
1663 2709 1756 2751 dire,
1796 2709 1866 2744 che

1075 2772 1222 2807 neppur
1262 2762 1322 2798 col
1361 2761 1549 2798 vocabolo
1597 2762 1794 2796 sostituito
1833 2762 1864 2796 si

1074 2813 1192 2848 rende
1218 2814 1381 2857 appieno
1399 2814 1522 2848 esatta
1540 2811 1642 2846 nella
1661 2811 1760 2847 frase
1783 2821 1866 2847 sus-

1075 2864 1280 2909 seguente,
1300 2863 1417 2904 mayis
1433 2863 1475 2895 in
1496 2863 1578 2906 iyne
1603 2872 1713 2906 quam
1737 2863 1777 2895 in
1795 2865 1862 2896 ter·

211 2917 275 2952 nel
291 2914 409 2951 ciclo?
426 2915 455 2951 11
474 2915 644 2951 Trissino
663 2913 998 2950 infattis'accorse
1071 2923 1129 2958 ra,
1153 2913 1190 2948 la
1213 2913 1439 2962 gradazione
1464 2911 1728 2948 decrescente.
