2054 3262
235 159 321 205 176
860 169 1002 206 LIBER
1029 169 1223 207 ramus.

236 267 403 319 potest,
430 263 541 308 nihil
569 263 718 310 differt
743 265 799 311 ab
823 264 914 322 illo,
942 265 1066 323 quod
1090 263 1493 311 laudabilissimum
1526 270 1612 322 est,
1644 264 1766 312 sicut
1793 265 1862 312 in·

237 333 379 379 serius
405 336 714 382 ostendemus,
741 336 877 395 Apuli
899 349 1104 396 quoque,
1130 337 1206 384 vel
1231 349 1256 381 a
1276 335 1346 382 sui
1371 336 1640 395 acerbitate,
1660 339 1738 387 vel
1761 337 1863 385 fini·

238 408 457 454 timorum
483 422 673 457 suorum
706 413 1025 470 contiguitate,
1052 413 1132 472 qui
1157 412 1365 471 Romani,
1392 418 1438 459 et
1462 411 1706 461 Marchiani
1734 420 1862 472 sunt,

238 481 437 539 turpiter
461 482 752 531 barbarizant
770 499 785 543 3
812 486 973 532 dicunt
999 487 1150 532 enim:

604 592 619 607 a
648 575 805 612 Volzcra
832 577 901 612 che
929 577 1150 625 chiangesse
1178 577 1212 613 lo
1242 576 1458 625 quat1·ul·0.1
1486 592 1501 606 n

242 667 330 714 Sed
354 670 567 726 quamvis
602 670 846 727 terrigenae
878 672 999 730 apuli
1031 672 1282 730 loquantur
1314 672 1509 718 obscene
1540 672 1864 731 communiter,

242 745 568 804 praefulgentes
601 759 762 793 eorum
788 747 971 805 quidam
998 747 1135 805 polite
1161 746 1339 805 loquuti
1374 752 1502 803 sunt,
1532 745 1757 792 vocabula
1786 758 1866 793 cu-

239 817 423 862 rialiora
453 817 501 862 in
531 819 624 863 suis
657 819 944 865 cantionibus
977 819 1292 877 compilanteS,
1326 824 1378 865 ut
1409 818 1648 865 manifeste
1677 826 1866 879 apparet

240 903 401 936 eorum
427 891 546 938 dicta
573 892 975 951 prospicientibUS,
1000 899 1054 938 ut
1079 898 1191 950 puta
1213 907 1222 937 z

641 1001 656 1016 α
684 984 880 1033 Madonna,
906 983 967 1021 dir
995 984 1032 1021 vi
1062 984 1221 1033 νοςῐίο.2
1249 1000 1265 1016 υ

235 1049 296 1094 ,Et

629 1141 645 1156 «
675 1126 743 1160 Pei·
771 1123 846 1161 sino
874 1135 1004 1160 amore
1034 1122 1092 1160 vo'
1115 1124 1148 1160 si
1176 1122 1428 1160 uestimenta-⁹»
1455 1138 1471 1154 ιο

242 1219 532 1277 Quapropter
563 1220 798 1278 superiora
824 1220 1093 1267 notantibus
1123 1220 1412 1266 innotescere
1445 1219 1596 1276 dehet,
1627 1229 1780 1276 neque
1809 1218 1869 1263 si-

236 1291 415 1350 culum,
449 1305 601 1351 neque
631 1293 822 1350 apulum
853 1305 951 1339 esse
982 1293 1110 1350 illud,
1151 1293 1276 1351 quod
1305 1292 1354 1338 in
1383 1291 1509 1339 ltalia
1538 1290 1869 1349 pulcerrimum

238 1372 310 1412 est
337 1366 560 1424 vulgare·
587 1378 695 1413 cum
721 1365 990 1425 eloquentes
1014 1366 1252 1424 indigenas
1275 1365 1614 1412 ostenderimus
1635 1376 1662 1410 a
1685 1361 1870 1466 proprio

242 1440 323 1487 div
327 1440 501 1487 ertisse

909 1610 1071 1656 CAPUT
1102 1610 1209 1657 XIII.

631 1762 683 1798 De
715 1760 896 1797 idiomate
923 1760 1130 1796 Tuscorum
1159 1764 1196 1795 et
1223 1758 1482 1795 Januenstum.

330 1885 441 1931 Post
467 1885 548 1930 hos
572 1883 816 1931 veniamus
840 1882 898 1927 ad
922 1883 1095 1928 Tuscos
1111 1894 1126 1938 3
1153 1882 1231 1940 qui
1256 1887 1447 1939 propter
1466 1878 1715 1925 amentiam
1737 1889 1869 1924 suam

239 1955 470 2012 infruniti,
505 1954 694 2000 titulum
724 1953 810 1999 sihi
840 1952 1044 2009 vulgaris
1075 1951 1266 1997 illustris
1294 1962 1507 2008 arrogare
1538 1949 1761 1997 videntur
1775 1961 1791 2006 3
1823 1953 1870 1994 et

241 2030 290 2076 in
313 2029 400 2075 hoc
432 2041 526 2073 non
557 2028 706 2074 solum
746 2027 1011 2085 plebeorum
1054 2026 1289 2071 dementat
1327 2023 1539 2080 intentio,
1570 2023 1651 2068 sed
1677 2021 1870 2068 famosos

239 2104 544 2163 quamplures
583 2102 710 2150 viros
739 2102 826 2147 hoc
858 2101 1060 2146 tenuisse
1093 2098 1429 2156 comperimus:
1461 2101 1574 2154 puta
1604 2094 1869 2142 Guittonem

242 2178 491 2234 aretinum,
524 2177 605 2234 qui
635 2186 876 2233 nunquam
900 2185 948 2220 se
972 2173 1029 2218 ad
1061 2171 1233 2219 curiale
1262 2169 1453 2228 vulgare
1486 2167 1687 2225 direxit,
1725 2165 1872 2212 Bona-

242 2252 451 2311 giuntam
477 2251 727 2305 lucensem,
763 2246 939 2292 Gallum
978 2245 1207 2303 pisanum,
1249 2243 1425 2301 Minum
1454 2241 1685 2287 Mocatum
1709 2250 1870 2286 senen-

242 2335 355 2381 sem,
383 2329 428 2369 et
455 2323 721 2368 Brunetum
751 2317 1081 2374 florentinum3
1114 2327 1315 2376 quorum
1347 2314 1469 2360 dicta
1492 2312 1531 2359 si
1553 2311 1710 2359 rimari
1739 2322 1875 2358 vaca·

246 2398 380 2454 verit,
407 2410 502 2443 non
534 2397 738 2453 curialia,
779 2394 861 2441 sed
898 2392 1190 2451 municipalia
1232 2395 1416 2437 tantum
1455 2387 1770 2436 invenientur.
1811 2385 1870 2431 Et

240 2472 459 2531 quoniam
491 2470 629 2517 Tusci
658 2483 754 2529 prae
780 2469 877 2516 aliis
901 2469 949 2514 in
972 2469 1056 2515 hac
1082 2466 1304 2513 ebrietate
1334 2464 1634 2520 bacchantur,
1667 2461 1873 2520 dignum,

281 2585 297 2612 ¹
321 2584 438 2622 Cioe:
474 2586 596 2619 vorren·
624 2584 684 2619 che
715 2585 898 2629 pfanyesse
924 2582 952 2617 il
979 2582 1022 2626 fi·
1141 2581 1174 2626 ²,
1204 2580 1221 2608 ³
1245 2581 1319 2618 Son
1345 2581 1445 2618 versi
1477 2580 1516 2616 di
1543 2579 1677 2624 lacopo
1707 2578 1755 2613 da
1785 2577 1879 2614 Len·

234 2635 379 2679 vliuolo,
397 2644 433 2680 o,
450 2635 546 2670 com'
560 2635 647 2670 altri
665 2635 763 2680 dice,
787 2634 815 2669 il
828 2632 1015 2678 sauciatio.
1096 2632 1186 2672 tino.
