2028 3256
169 176 254 221 446
598 182 818 224 QUAEs'rto
849 183 910 218 DE
942 182 1071 226 AQUA
1102 184 1164 219 ET
1196 182 1374 220 Tuam.

168 281 405 327 tellectum
430 285 655 325 nostrum.
690 279 748 325 Et
788 279 889 324 ideo
936 279 1182 325 dicendum
1224 280 1282 325 ad
1320 280 1438 326 hanc
1477 281 1800 339 quaestionem,

170 355 295 412 quod
321 354 393 398 ille
419 353 702 411 dispensator
728 353 852 398 Deus
876 352 1110 411 glorioSUS,
1132 353 1210 412 qui
1234 354 1515 411 dispensavit
1531 355 1587 400 de
1608 356 1701 402 situ
1722 369 1801 414 po-

169 428 393 485 polorum,
427 426 482 471 de
507 426 596 470 situ
632 427 780 471 centri
811 426 988 480 mundi,
1020 417 1320 472 de'distantia
1353 426 1528 472 ultimae
1561 426 1803 474 circumfe-

170 500 329 545 rentiae
356 499 563 545 universi
589 511 612 542 a
640 502 800 544 centro
825 497 935 556 (ἠως,
963 503 1008 543 et
1036 498 1091 542 de
1121 497 1218 543 aliis
1250 498 1577 556 consimilibUS,
1609 499 1710 546 baec
1739 499 1803 546 fe-

169 574 228 619 cit
255 578 491 630 tamquam
517 572 693 628 meliUS,
720 572 840 618 sicut
867 578 912 618 et
938 572 1024 618 illa.
1061 572 1190 618 Unde
1231 585 1377 630 quum
1418 573 1562 618 dixit:
1609 574 1804 632 Conpre-

168 651 330 704 qentur
355 660 482 705 aquoe
506 647 557 692 in
583 646 733 692 locum
755 659 914 699 iatum,
948 649 987 690 et
1011 649 1239 702 appareat
1263 645 1421 699 arida,
1448 644 1585 691 simul
1625 650 1672 691 et
1712 646 1804 692 vir·

169 726 352 767 tuatum
370 726 438 765 est
457 719 623 765 coelum
641 720 697 766 ad
711 719 954 776 agendum,
974 724 1018 764 et
1037 724 1159 764 terra
1177 719 1430 776 potentiata
1446 721 1502 766 ad
1517 719 1802 778 patiendum.

254 789 277 853 ἕ
311 792 433 837 XXII.
468 791 687 837 Desinant
714 803 839 848 ergo,
874 792 1082 837 desinant
1114 792 1319 838 homines
1349 804 1561 850 quaerere
1591 805 1698 851 quae
1728 806 1804 838 su-

170 879 249 924 pra
275 879 351 911 eos
376 871 502 922 sunt,
525 871 570 911 et
593 871 806 923 quaerant
831 877 979 923 usque
1005 877 1097 922 quo
1122 870 1334 922 possunt,
1367 871 1421 911 ut
1454 865 1637 912 trabant
1668 879 1716 912 se
1747 867 1804 912 ad

170 941 438 987 immortalia
468 945 513 986 et
540 940 694 986 divina
720 952 803 998 pro
828 952 975 998 posse,
999 954 1052 987 ac
1093 939 1263 997 majora
1303 952 1350 985 se
1390 940 1668 998 relinquant.
1709 941 1805 988 Au-

170 1014 295 1058 diant
321 1013 520 1059 amicum
546 1014 647 1069 Joh,
675 1014 935 1060 dicentem:
971 1015 1205 1073 Numquid
1245 1016 1433 1072 vestiqia
1475 1014 1560 1060 Dei
1604 1028 1806 1073 compre-

168 1088 344 1142 hendes,
370 1091 410 1133 et
443 1089 798 1145 omnipotentem
820 1102 957 1147 usque
982 1089 1044 1134 acl
1076 1088 1402 1145 perfectionem
1441 1090 1685 1145 reperies?
1709 1088 1805 1134 Au-

170 1161 295 1206 diant
321 1160 602 1207 Psalmistam
635 1161 892 1207 dicentem:
929 1163 1167 1210 Mirabilis
1204 1164 1330 1220 sacta
1365 1165 1427 1207 est
1464 1163 1659 1208 scientia
1694 1167 1809 1215 tua:

169 1240 208 1281 et
231 1248 300 1280 me
326 1236 584 1292 confortata
609 1238 684 1290 est,
718 1239 757 1280 et
780 1247 871 1279 non
892 1239 1048 1292 potero
1074 1235 1134 1280 ad
1165 1247 1278 1279 eain.
1312 1234 1513 1280 Audiant
1546 1234 1704 1279 Isaiam
1741 1235 1807 1280 di-

171 1312 383 1353 centem:
418 1308 565 1361 Quam
595 1306 766 1351 distant
799 1307 902 1353 coeli
933 1321 963 1352 a
995 1310 1141 1362 terra,
1173 1311 1352 1353 tantum
1384 1308 1554 1354 distant
1584 1310 1672 1354 vice
1700 1321 1810 1353 meoe

170 1393 199 1425 a
220 1380 310 1425 viis
336 1381 510 1424 vestris.
534 1378 834 1435 Loquebatur
860 1378 1073 1435 equidem
1096 1379 1142 1423 in
1163 1392 1356 1437 persona
1378 1380 1460 1425 Dei
1481 1381 1539 1439 ad
1558 1380 1806 1427 hominem.

170 1453 371 1499 Audiant
396 1464 562 1499 vocem
588 1451 790 1509 Apostoli
821 1452 877 1497 ad
916 1452 1171 1498 Romanos:
1222 1454 1256 1499 Ο
1295 1454 1488 1499 altitudo
1532 1453 1807 1499 divitiarum

170 1529 371 1572 scientiae
409 1530 450 1572 et
487 1527 725 1583 sapientiae
766 1527 886 1573 Deil
930 1539 1067 1585 quam
1107 1525 1588 1583 incomprehensibilia
1620 1524 1810 1579 judicia

172 1602 280 1658 eju-8,
313 1605 352 1646 et
376 1599 711 1658 investigabiles
740 1601 826 1645 vioe
857 1600 990 1655 ejus?
1017 1598 1076 1644 Et
1117 1599 1315 1657 denique
1354 1599 1542 1646 audiant
1576 1598 1811 1657 propriam

174 1674 401 1723 Creatoris
441 1686 606 1722 vocem
647 1674 873 1719 dicentis:
915 1675 1007 1728 Quo
1040 1686 1116 1732 eqo
1153 1673 1284 1729 υαάο,
1308 1685 1384 1720 vos
1407 1686 1499 1719 non
1524 1674 1700 1731 potestis
1737 1685 1811 1718 ve-

173 1750 291 1794 nire.
319 1747 378 1792 Et
405 1748 504 1793 haec
528 1746 760 1793 sufficiant
786 1747 842 1793 ad
866 1745 1210 1803 inquisitionem
1234 1746 1428 1792 intentae
1452 1745 1678 1793 veritatis,

261 1821 284 1884 §
316 1822 460 1867 XXIII.
486 1822 566 1867 His
590 1822 717 1878 visiS,
743 1820 871 1867 facile
903 1826 972 1866 est
1003 1820 1184 1867 solvere
1214 1824 1503 1877 argumenta,
1535 1830 1642 1877 quae
1673 1830 1811 1876 supe-

173 1895 271 1945 rius
297 1901 457 1942 contra
482 1895 654 1940 fiebant
671 1908 685 1951 3
713 1894 837 1952 quod
862 1893 1049 1952 quidem
1079 1899 1245 1951 quarto
1276 1892 1622 1951 proponebatur
1645 1891 1813 1938 facien·

177 1970 303 2015 dum.
333 1969 450 2014 Cum
476 1969 618 2026 igitur
650 1968 918 2014 dicebatur:
953 1967 1160 2013 Duarum
1186 1965 1667 2012 circumferentiarum
1704 1965 1815 2011 inae-

177 2045 376 2102 qualiter
399 2056 425 2089 a
456 2055 504 2088 se
526 2040 796 2088 distantium
812 2040 1085 2098 impossibile
1102 2046 1170 2086 est
1188 2040 1310 2086 idem
1327 2051 1425 2085 esse
1443 2044 1690 2095 centrum;
1716 2037 1819 2084 dico

177 2117 301 2175 quod
325 2127 494 2163 verum
512 2119 594 2170 est,
611 2113 647 2158 si
666 2112 1054 2159 circumferentiae
1077 2118 1186 2158 sunt
1203 2112 1435 2170 regulares
1456 2111 1554 2158 sine
1575 2111 1713 2170 gibbo
1737 2110 1815 2158 vel
1869 2164 1871 2166 ,

179 2190 338 2249 gibbis.
368 2189 427 2234 Et
461 2200 568 2234 cum
591 2187 762 2233 dicitur
786 2187 835 2232 in
857 2187 1041 2244 minori,
1066 2187 1190 2246 quod
1213 2185 1587 2234 circumferentia
1610 2196 1744 2244 aquae
1765 2189 1814 2231 et

180 2263 552 2311 circumferentia
576 2268 713 2309 terrae
731 2267 840 2308 sunt
861 2260 1137 2318 hujusmodi,
1159 2260 1259 2307 dico
1281 2261 1405 2319 quod
1425 2273 1520 2307 non
1536 2265 1606 2307 est
1625 2270 1814 2314 verum,

179 2337 266 2384 nisi
291 2350 374 2395 per
396 2337 582 2395 gibbum
608 2335 687 2395 qui
710 2342 778 2382 est
801 2336 846 2382 in
870 2341 993 2382 terra
1013 2350 1022 2381 :
1047 2341 1094 2381 et
1118 2335 1220 2382 ideo
1243 2335 1361 2382 ratio
1382 2348 1476 2382 non
1496 2333 1719 2392 procedit.
1741 2332 1815 2379 Ad

182 2411 456 2466 secundum,
484 2422 592 2455 cum
618 2408 885 2455 dicebatur:
911 2407 1127 2454 Nobiliori
1167 2407 1347 2467 corpori
1387 2407 1584 2453 debetur
1621 2405 1817 2452 nobilior

183 2486 327 2540 locuS‚
355 2484 456 2530 dico
487 2484 611 2542 quod
636 2495 804 2530 verum
830 2488 898 2528 est
930 2482 1188 2529 secundum
1218 2480 1450 2540 propriam
1480 2486 1695 2527 naturam
1711 2492 1727 2536 ;
1768 2483 1816 2526 et

184 2560 389 2605 concedo
412 2558 636 2604 minorem
657 2571 667 2604 :
691 2558 773 2605 sed
794 2569 903 2604 cum
928 2556 1239 2615 concluditur,
1266 2555 1391 2616 quod
1414 2554 1516 2604 ideo
1536 2566 1654 2618 aqua
1678 2553 1815 2601 debet
