2054 3262
2027 150 2045 162 '-

324 147 415 194 352
925 156 1070 192 menn
1103 157 1366 195 SECUNDUS.
2025 161 2054 219 ἦ

329 253 461 308 porta
490 252 713 295 catervas,
749 251 875 295 Tunc
902 262 1004 295 cum
1019 262 1131 307 pene
1156 253 1294 308 caput
1318 248 1481 295 mundi
1507 261 1749 308 rerumque
1766 253 1961 309 poteslas

331 322 528 370 Mutavit
553 322 782 367 translata
809 322 971 377 locum,
1001 322 1295 381 Romanaque
1332 321 1518 367 Samnis
1549 322 1682 368 Ultra
1727 323 1961 373 caudinas

328 396 566 452 superavit
589 396 787 440 vulnera
810 396 985 457 furcas.
1007 396 1258 452 Postquam
1279 407 1392 442 vero
1417 395 1633 440 Italorum
1650 393 1792 452 litigia
1805 396 1962 444 sedata

329 466 538 522 fuerunt,
574 471 620 511 et
662 478 770 512 cum
809 467 996 523 GraeciS,
1039 480 1239 525 cumque
1271 467 1425 513 Poenis
1456 467 1664 513 nondum
1695 478 1778 524 pro
1803 468 1960 515 divino
2037 494 2039 497 v

320 537 496 594 judicio
523 545 752 586 certatum
779 545 898 594 esset
915 553 930 596 3
957 540 1002 584 id
1025 539 1268 596 imperium
1293 539 1640 585 intendentibus
1664 540 1750 587 iilis
1775 547 1820 587 et
1845 541 1960 600 istiS‚

330 612 540 658 Fabricio
567 625 649 670 pro
675 614 905 670 Romanis,
932 615 1076 671 Pyrro
1098 626 1182 670 pro
1208 613 1397 669 Graecis,
1431 613 1486 658 de
1523 613 1703 671 imperii
1739 614 1880 671 gloria
1911 616 1960 662 in

333 682 505 727 militiae
552 684 853 730 multitudine
893 684 1262 740 decertantibus,
1304 684 1448 730 Roma
1487 685 1701 731 obtinuit.
1751 685 1962 745 Scipione

331 768 445 812 vero
462 751 554 814 ⁴pro
577 758 713 815 Italis,
739 757 988 804 Hannibale
1014 770 1096 815 pro
1121 757 1348 803 Africanis
1373 758 1420 804 in
1445 758 1589 804 forma
1622 758 1760 811 duelli
1789 759 1962 806 bellum

327 831 616 888 gerentibus,
641 833 762 878 Italis
786 831 880 878 Afri
906 833 1283 889 succubuerunt,
1310 832 1431 878 sicut
1458 833 1619 879 Livius
1640 838 1686 879 et
1708 845 1866 880 omnes
1885 846 1961 880 ro-

333 916 480 951 manae
505 906 571 950 rei
597 907 845 964 scriptores
872 906 1107 953 testificari
1138 912 1379 953 conantur.
1410 906 1519 962 Quis
1543 906 1684 963 igitur
1706 918 1835 952 nunc
1850 905 1964 952 adeo
1991 935 1993 938 -

334 978 501 1023 mentis
526 979 702 1024 obtusae
729 985 815 1035 est,
842 979 919 1036 qui
947 992 1039 1025 non
1070 979 1244 1035 videat,
1278 979 1364 1024 sub
1391 978 1495 1035 jure
1532 978 1670 1024 duelli
1709 977 1958 1035 gloriosum

330 1050 554 1107 ,populum
577 1063 793 1097 coronam
820 1051 963 1097 totius
989 1051 1111 1096 orbis
1136 1064 1234 1096 esse
1259 1050 1529 1098 lucratum?
1561 1051 1680 1097 Vere
1712 1051 1863 1109 potuit
1896 1052 1964 1097 di-

331 1137 439 1171 cere
459 1124 534 1171 vir
558 1138 793 1181 romanus,
821 1127 945 1183 quod
969 1125 1214 1183 Apostolus
1239 1126 1292 1171 ad
1321 1125 1636 1171 Timotheum:
1661 1126 1874 1183 Reposita
1901 1130 1963 1172 est
2039 1169 2054 1180 .,

329 1200 446 1245 mihi
468 1213 638 1246 corona
649 1199 870 1254 justiciae:
896 1199 1109 1257 reposita,
1131 1199 1322 1256 scilicet,
1345 1199 1392 1245 in
1418 1199 1501 1244 Dei
1517 1199 1811 1262 providentia
1829 1205 1964 1246 aeter-

331 1287 403 1320 na.
432 1273 625 1320 Videant
651 1287 777 1320 nunc
797 1274 978 1331 juristae
1006 1274 1330 1332 praesuntuosi,
1362 1279 1592 1331 quantum
1630 1273 1748 1320 infra
1786 1274 1877 1320 sint
1907 1275 1964 1322 ab

332 1346 405 1392 illa
434 1347 620 1403 specula
644 1347 848 1401 rationiS,
867 1346 989 1392 unde
1006 1346 1205 1392 humana
1229 1358 1360 1391 mens
1384 1346 1485 1391 haec
1507 1345 1732 1404 principia
1756 1348 1962 1405 specula·

333 1426 427 1475 tur,
455 1425 501 1465 et
527 1419 705 1475 sileant,
731 1420 992 1464 secundum
1021 1431 1208 1464 sensum
1240 1418 1349 1476 legis
1385 1418 1627 1464 consilium
1656 1423 1703 1465 et
1734 1418 1965 1476 ¹iudicium

333 1494 551 1539 exhibere
579 1491 821 1547 contenti.¹
850 1492 909 1537 Et
931 1491 1024 1548 jam
1052 1492 1436 1538 manifestandum
1469 1498 1555 1548 est,
1579 1492 1704 1550 quod
1726 1505 1809 1550 per
1833 1493 1961 1540 duel-

330 1568 429 1613 lum
455 1578 671 1613 romanus
695 1567 894 1625 populus
919 1566 1165 1624 acquisivit
1181 1566 1450 1623 imperium:
1477 1578 1586 1623 ergo
1611 1567 1665 1612 de
1683 1566 1788 1624 jure
1805 1568 1964 1626 acqui-

331 1642 459 1698 sivit,
485 1642 610 1699 quod
635 1647 703 1686 est
724 1641 978 1699 principale
1006 1640 1292 1698 propositum
1317 1640 1364 1687 in
1387 1640 1503 1687 libro
1528 1641 1761 1700 praesenti.
1782 1642 1962 1690 Hucus-

334 1726 426 1773 que
452 1720 578 1772 patet
604 1715 889 1779 propositum
917 1725 1000 1771 per
1025 1714 1242 1770 rationeS,
1263 1726 1368 1772 quae
1394 1714 1648 1772 plurimum
1668 1714 1964 1762 rationalibus

330 1790 568 1848 principiis
592 1789 885 1845 innituntur,
909 1789 990 1834 sed
1016 1789 1233 1847 deinceps
1259 1801 1319 1836 ex
1344 1789 1579 1847 principiis
1609 1788 1716 1835 fidei
1758 1789 1965 1838 christia-

331 1877 404 1910 nae
429 1864 599 1909 iterum
626 1863 994 1920 patefaciendum
1012 1868 1094 1908 est.
1123 1862 1317 1908 Maxime
1333 1861 1457 1907 enim
1477 1861 1786 1917 fremuerunt,
1805 1866 1852 1907 et
1870 1862 1964 1909 ina—

331 1938 407 1983 nia
432 1937 637 1983 meditati
659 1943 768 1982 sunt
794 1937 842 1981 in
866 1948 1109 1982 romanum
1134 1934 1464 1992 principatum,
1498 1935 1578 1993 qui
1602 1935 1827 1982 zelatores
1857 1934 1964 1993 fidei
2010 1982 2014 1987 ,

333 2014 593 2061 christianae
619 2025 667 2058 se
693 2012 872 2067 dicunt,
898 2022 986 2056 nec
1010 2010 1230 2055 miserere
1256 2022 1332 2055 eos
1357 2021 1617 2068 pauperum
1649 2007 1831 2066 Christi,
1859 2010 1962 2068 qui·
1998 2000 2010 2028 ³

331 2089 419 2135 bus
442 2099 536 2133 non
560 2086 708 2131 solum
730 2084 1013 2130 defraudatio
1038 2083 1090 2128 fit
1114 2084 1163 2129 in
1189 2083 1490 2129 ecclesiarum
1513 2081 1834 2140 proventibUS,
1861 2080 1966 2140 qui-

328 2161 455 2211 nimo
480 2157 755 2218 patrimonia
778 2157 874 2214 ipsa
899 2155 1105 2213 quotidie
1130 2155 1395 2212 rapiuntur,
1422 2161 1468 2201 et
1503 2155 1846 2213 depauperatur
1874 2155 1965 2204 Ec,-

333 2235 483 2290 clesia,
526 2233 637 2278 dum
671 2230 927 2276 simulando
970 2229 1212 2286 justitiam,
1256 2233 1596 2286 exequutorem
1631 2223 1825 2286 justitiae
1870 2241 1966 2277 non

331 2307 598 2356 admittunt.
627 2305 721 2350 Nec
738 2304 830 2361 jam
852 2302 1121 2361 pauperatio
1148 2302 1248 2348 talis
1272 2302 1444 2359 absque
1464 2301 1547 2348 Dei
1564 2300 1739 2359 judicio
1761 2300 1830 2348 fit:
1856 2314 1966 2349 cum

328 2393 419 2428 nec
442 2378 738 2437 pauperibuS,
775 2388 975 2434 quorum
1015 2374 1290 2433 patrimonia
1313 2379 1423 2420 sunt
1458 2374 1666 2421 ecclesiae
1705 2374 1964 2431 facultateS‚

327 2453 436 2499 inde
461 2450 783 2504 subveniatur,
809 2460 964 2506 neque
995 2448 1050 2494 ab
1076 2447 1297 2493 offerente
1318 2447 1510 2505 imperio
1545 2460 1653 2493 cum
1679 2447 1963 2505 gratitudine

325 2533 597 2576 teneantur.
634 2521 840 2568 Redeant
875 2520 998 2566 unde
1038 2524 1295 2566 venerunt:
1339 2526 1574 2567 venerunt
1607 2518 1740 2577 bene,
1770 2519 1963 2566 redeant

327 2599 478 2648 nnete:
509 2599 617 2655 quia
641 2595 757 2642 bene
783 2594 902 2650 data,
928 2598 973 2639 et
999 2593 1117 2638 male
1143 2605 1347 2654 possessa
1371 2597 1494 2639 sunt.
1525 2591 1644 2649 Quid
1668 2592 1727 2639 ad
1758 2598 1965 2651 pastores

330 2671 479 2720 tales‘?
507 2670 626 2727 Quid
659 2669 696 2714 si
736 2666 946 2714 ecclesiae
989 2665 1245 2712 substantia
1284 2665 1467 2722 diffluit,
1505 2665 1617 2711 dum
1656 2665 1963 2724 proprietates

368 2790 380 2818 ¹
411 2791 492 2825 Non
518 2798 627 2825 come
662 2785 886 2833 glimo-uino,
913 2795 973 2821 ma
996 2794 1104 2821 come
1178 2785 1250 2828 zio,
1276 2782 1501 2830 perciocche
1518 2783 1812 2832 dispregiavano
1836 2786 1871 2821 14
1888 2784 1973 2823 silo-

319 2840 483 2881 mosoro,
511 2840 632 2874 taccia
656 2838 777 2874 Dante
800 2838 837 2873 di
863 2837 1106 2881 presuntuosi
1181 2835 1276 2872 sofia
1291 2834 1544 2882 speculativa.

324 2892 337 2930 i
359 2889 651 2938 giuxcconsulti,
678 2897 699 2926 e
724 2888 750 2924 li
773 2886 898 2924 danna
923 2887 959 2924 al
990 2886 1107 2924 silen-
