2054 3262
313 167 398 214 328
904 177 1050 214 LIBER
1081 178 1340 217 SECUNDUS.

308 286 380 330 pes
405 273 762 331 interpretanda.»
799 279 915 320 suut.
951 274 1081 330 Quod
1110 275 1147 321 si
1177 276 1234 322 ad
1264 277 1510 325 utilitatem
1540 291 1702 328 eorum
1730 282 1810 342 qui
1839 285 1933 331 sub

308 346 423 402 lege,
455 346 578 403 leges
609 346 797 393 directae
829 360 922 392 non
952 353 1077 404 sunt,
1110 347 1231 413 leges
1261 350 1445 396 nomine
1484 350 1580 397 solo
1611 359 1734 412 sunt,
1766 366 1817 400 re
1847 368 1927 402 au-

308 423 401 463 tem
427 417 549 474 leges
574 429 671 463 esse
695 431 787 464 non
811 426 1017 478 possunt.
1036 420 1180 478 Leges
1200 421 1323 467 enim
1348 428 1528 480 oportet
1543 423 1748 473 homines
1767 427 1926 475 devin-

309 492 402 538 cire
432 493 489 537 ad
519 491 720 538 invicem
749 497 939 550 propter
971 504 1262 538 communem
1286 494 1549 541 utilitatem.
1579 496 1774 554 Propter
1803 501 1927 558 quod

307 565 423 610 bene
464 565 638 611 Seneca
668 565 723 611 de
753 566 867 622 lege,
899 578 1007 611 cum
1037 566 1084 610 in
1114 566 1228 612 libro
1271 568 1327 612 de
1367 575 1567 627 quatuor
1606 570 1890 618 virtutibus:
1911 573 1924 598 ¹

306 640 464 695 Leqem
488 639 741 694 vincutum,
773 637 898 695 dicit,
929 639 1136 685 humana.»
1169 641 1407 687 societatis.
1442 641 1576 689 Patet
1616 643 1773 703 igitur,
1803 647 1928 704 quod

307 712 574 770 quicunque
599 713 771 758 bonum
801 713 1067 771 reipublicae
1098 714 1313 772 intendit,
1340 715 1478 762 finem
1498 716 1614 774 juris
1637 719 1851 766 intendit.
1880 721 1931 767 Si

305 798 412 844 ergo
434 787 624 832 Romani
654 788 826 834 bonum
847 788 1110 846 reipublic-ae
1135 789 1468 848 intenderunt3
1501 805 1668 839 verum
1693 793 1782 840 erit
1807 794 1933 840 dice--

305 872 372 916 re,
405 859 542 906 finem
568 860 686 917 juris
715 860 978 907 intendisse.
1017 862 1149 917 Quod
1179 868 1337 909 autem
1372 876 1589 912 romanus
1622 867 1819 926 populus
1850 869 1934 914 bo-

304 947 418 980 num
462 936 708 992 praefatum
747 935 998 982 intenderit
1038 936 1320 994 subjiciendo
1358 939 1442 985 sibi
1482 941 1639 988 orbem
1680 948 1927 1003 terrarum,
1989 933 1991 935 ¹

304 1014 430 1066 gesta
460 1020 540 1054 sua
574 1008 834 1055 declarant:
867 1009 914 1053 in
945 1010 1128 1068 quibus,
1160 1011 1283 1055 omni
1314 1012 1566 1069 cupiditate
1594 1021 1788 1072 remota,
1819 1028 1926 1074 quae

305 1082 569 1140 reipublicae
600 1093 783 1138 semper
806 1093 967 1128 aversa
993 1088 1077 1137 est,
1101 1087 1146 1127 et
1172 1082 1421 1130 universali
1447 1097 1559 1142 pace
1582 1099 1690 1132 cum
1713 1087 1930 1135 libertate

306 1157 484 1213 dilecta,
520 1156 716 1213 populus
756 1154 828 1200 ille
869 1161 1072 1213 sanctUS,
1104 1156 1207 1214 pius
1237 1164 1283 1204 et
1318 1159 1554 1216 gloriosus,
1587 1161 1771 1219 propria
1803 1174 1941 1217 com--x

304 1231 437 1276 moda
467 1229 722 1286 neglexisse
752 1229 959 1284 videtur,
989 1234 1041 1274 ut
1071 1226 1364 1289 publica'pro
1394 1232 1541 1278 salute
1571 1233 1760 1279 humani
1791 1246 1928 1292 gene·

304 1303 367 1349 ris
400 1307 684 1360 procuraret.
718 1302 847 1347 Unde
878 1307 1005 1347 recte
1037 1302 1146 1347 illud
1175 1302 1398 1361 scriptum
1431 1310 1530 1350 est:
1563 1318 1810 1352 romanum
1836 1308 1924 1352 Im-

302 1379 485 1434 perium
532 1379 585 1420 de
631 1375 750 1432 sonte
794 1377 1006 1420 nascitur
1049 1375 1243 1431 pietatis.
1290 1375 1376 1420 Sed
1417 1376 1523 1433 quia
1569 1377 1624 1422 de
1670 1376 1932 1423 intentIOne·

303 1447 509 1493 omnium
540 1458 600 1492 ex
630 1445 851 1491 electione
872 1444 1123 1502 agentium,
1148 1445 1259 1491 nihil
1283 1447 1579 1493 manifestum
1604 1455 1673 1495 est
1698 1455 1830 1495 extra
1855 1450 1924 1495 in-

304 1521 590 1575 tendentem,
619 1518 706 1566 nisi
735 1530 818 1575 per
847 1517 973 1574 signa
1014 1518 1243 1564 exteriora
1254 1533 1268 1575 3
1312 1525 1358 1565 et
1390 1531 1623 1568 sermones
1660 1522 1931 1580 inquirendi

303 1599 413 1639 sunt
438 1593 696 1639 secundum
725 1591 978 1648 subjectam
1007 1591 1261 1646 materiam,
1297 1596 1347 1636 ut
1373 1591 1467 1648 jam
1492 1592 1669 1639 dictum
1695 1599 1788 1639 est:
1815 1595 1930 1640 satis*

304 1669 353 1714 in
382 1669 468 1714 hoc
499 1667 598 1713 loco
626 1666 909 1721 habebimus,
941 1664 977 1709 si
1009 1665 1064 1709 de
1094 1664 1355 1710 intentione
1385 1666 1542 1724 populi
1582 1667 1759 1713 romani
1798 1668 1930 1724 signa-

303 1742 615 1788 indubitabilia
658 1747 752 1786 tam
797 1741 845 1786 in
885 1740 1098 1796 collegiiS,
1129 1752 1270 1797 quam
1300 1739 1348 1785 in
1386 1740 1691 1798 singularibus
1720 1743 1929 1800 personis

306 1819 624 1863 ostendantur.
652 1817 718 1862 De
745 1815 943 1872 collegiis
973 1815 1176 1872 quidem,
1218 1815 1388 1872 quibus
1430 1816 1636 1862 homines
1660 1818 1717 1863 ad
1740 1830 1930 1876 rempu-

304 1892 467 1937 blicam
499 1891 832 1949 quodammodo
863 1889 1040 1946 religati
1073 1902 1168 1935 esse
1195 1889 1300 1947 jure
1326 1890 1510 1947 debent,
1537 1890 1710 1937 sufficit
1736 1891 1808 1937 illa
1832 1893 1928 1938 sola

306 1965 539 2012 Ciceronis
569 1965 818 2011 auctoritas
839 1965 886 2010 in
911 1966 1115 2011 secundo
1145 1967 1198 2011 de
1236 1967 1437 2024 Officiis:
1475 1967 1718 2020 Quamdiu,
1752 1966 1926 2024 inquit,

306 2043 550 2097 imperium
588 2040 857 2096 reipublicae
899 2040 1123 2096 beneficiis
1157 2039 1404 2093 tenebatur,
1436 2051 1528 2084 non
1558 2037 1767 2092 injuriis,
1803 2039 1923 2084 bella

303 2119 383 2160 aut
414 2127 497 2170 pro
527 2115 661 2158 sociis
692 2116 772 2157 aut
799 2124 883 2168 pro
915 2113 1109 2168 imperio
1138 2110 1440 2169 gerebantur:
1476 2112 1626 2156 eat-itus
1665 2115 1800 2156 erant
1837 2112 1930 2156 bel-

305 2189 458 2234 lorum
477 2191 556 2232 aut
580 2188 720 2240 mitae,
752 2188 832 2230 aut
862 2185 1146 2229 necessarii:
1186 2195 1358 2240 requm,
1393 2183 1686 2240 populorum,
1712 2186 1752 2228 et
1776 2185 1922 2228 natio·
1944 2190 1949 2199 ²

302 2275 414 2307 uum
445 2264 601 2317 portus
631 2261 731 2303 erut
761 2261 801 2302 et
830 2258 1072 2314 resupium,
1104 2257 1305 2301 Senatus.
1340 2258 1499 2304 Nostri
1528 2259 1678 2302 autem
1707 2260 1748 2302 et
1775 2258 1923 2314 maqi-

303 2338 488 2385 stratus,
516 2334 896 2389 imperatoresque
932 2332 982 2375 in
1013 2343 1064 2374 ea
1098 2342 1150 2374 re
1179 2331 1384 2375 maoeime
1416 2329 1598 2375 laudem
1637 2342 1801 2387 capere
1829 2334 1919 2375 stu·

304 2409 515 2459 ducrum,
545 2406 587 2450 si
612 2405 897 2462 provincias,
930 2403 971 2447 si
1001 2403 1143 2448 socios
1173 2402 1378 2460 oequitate
1409 2405 1449 2447 et
1474 2392 1927 2460 fide'defendissent:

305 2482 452 2539 itaque
471 2478 592 2523 illud
616 2478 929 2534 patrocinium
948 2475 1072 2520 orbis
1096 2478 1335 2520 terrarum
1354 2475 1503 2531 potius
1521 2487 1657 2532 quam
1677 2475 1924 2531 imperium

306 2555 482 2612 poterat
505 2550 756 2596 nominari.
783 2547 892 2592 Haec
919 2546 1092 2592 Cicero.
1120 2545 1186 2591 De
1206 2545 1413 2604 personis
1435 2551 1592 2592 autem
1615 2545 1927 2603 singularibus

307 2622 626 2681 compendiose
664 2619 942 2678 progrediar.
979 2618 1212 2676 Numquid
1244 2631 1336 2664 non
1366 2618 1540 2665 bonum
1572 2630 1814 2666 commune
1854 2621 1921 2667 in-

307 2697 505 2743 tendisse
536 2693 717 2740 dicendi
754 2699 879 2749 sunt,
916 2692 995 2750 qui
1026 2693 1210 2748 sudore,
1236 2691 1314 2749 qui
1339 2698 1625 2750 paupertate,
1658 2693 1737 2752 qui
1769 2695 1923 2752 exili0,

307 2762 606 2826 qui'filiorum
629 2766 880 2822 orbatione,
907 2764 986 2823 qui
1009 2765 1249 2811 amissione
1270 2765 1600 2823 membrorum,
1617 2766 1695 2825 qui
1722 2766 1920 2827 denique

364 2915 380 2943 1
399 2915 542 2958 Questo
560 2915 656 2951 libro
680 2915 699 2950 e
713 2914 759 2950 da
782 2913 867 2950 altri
883 2913 1081 2949 attribuito
1105 2921 1125 2948 a
1153 2922 1218 2949 san
1241 2913 1401 2949 Martino
1421 2912 1626 2950 Dumiense
1644 2922 1666 2950 o
1684 2913 1929 2950 Bracarense.
