2054 3262
297 130 384 176 230
892 136 1037 174 LIBER
1069 136 1331 175 SECUNDUS.

299 232 448 291 primo
482 230 602 278 circa
629 236 795 277 cantus
819 229 1109 288 divisionem,
1135 229 1341 276 secundo
1367 229 1489 276 circa
1520 229 1722 288 partIum
1750 229 1932 277 habitu-

300 306 473 362 dinem,
500 304 636 351 tertio
678 304 800 351 circa
838 316 1091 350 numerum
1123 303 1398 359 carminum,
1439 308 1486 348 et
1523 303 1833 367 syllabarum:
1875 303 1932 349 de

299 379 486 426 rithimo
511 390 625 426 vero
649 377 937 424 mentionem
961 390 1055 423 non
1079 376 1290 441 faci‘muS,
1323 375 1430 434 quia
1461 376 1517 421 de
1547 376 1730 435 propria
1761 376 1933 424 cantio-

299 454 371 499 nis
395 459 496 499 arte
522 465 615 499 non
647 458 729 499 est.
763 451 894 498 Licet
926 451 1048 498 enim
1073 451 1120 495 in
1146 450 1350 508 qualibet
1376 449 1543 495 stantia
1568 449 1775 498 rithimos
1804 451 1934 497 inno-

298 538 426 583 vare,
454 531 500 571 et
526 525 710 571 eosdem
733 524 955 570 reiterare
982 524 1039 569 ad
1069 523 1268 580 lihitum,
1295 522 1434 580 quod,
1461 521 1499 567 si
1533 522 1590 569 de
1614 523 1799 582 propria
1829 536 1932 571 can—

304 601 436 647 tionis
458 606 558 646 arte
583 599 798 646 rithimus
823 603 957 655 esset,
983 596 1172 643 minime
1198 596 1375 653 liceret,
1407 596 1533 655 quod
1563 596 1741 643 dictum
1772 603 1856 644 est.
1886 598 1932 644 Si

300 674 412 733 quid
437 679 595 719 autem
619 671 792 718 rithimi
816 682 1005 717 servare
1028 669 1239 725 interest,
1260 667 1398 726 hujus
1428 668 1553 726 quod
1576 674 1646 715 est
1676 669 1789 715 artis
1813 682 1934 715 com-

302 746 619 805 prehendetur
641 746 718 803 ihi,
744 757 851 791 cum
874 744 1079 790 dicemus
1104 742 1307 800 partium
1330 740 1661 788 habitudinem.
1689 742 1839 798 Quare
1859 742 1933 788 hic

301 820 510 876 colligere
550 829 793 876 possumus
818 829 878 863 ex
901 813 1137 874 praedictis
1169 812 1462 870 diffinienteS,
1495 818 1542 860 et
1575 813 1759 861 dicere:
1805 813 1934 861 Stan-

301 894 412 939 tiam
438 906 537 939 esse
561 894 647 938 sub
674 898 802 939 certo
835 897 977 938 cantu
1009 896 1056 936 et
1088 889 1372 947 habitudine,
1402 888 1643 936 limitatam
1677 889 1934 936 carminum

301 971 348 1015 et
372 966 654 1026 syllabarum
681 976 960 1024 compagem.

994 1287 1159 1342 CAPUT
1190 1288 1240 1336 X.

382 1437 479 1486 Quid
509 1437 560 1475 sit
587 1442 721 1475 cantus
749 1437 926 1485 stantiae3
953 1442 990 1472 et
1018 1436 1119 1485 quod
1147 1436 1288 1473 stantia
1318 1437 1490 1475 variatur
1517 1435 1695 1486 pluribus
1722 1434 1846 1475 modis

982 1501 1024 1540 in
1059 1503 1251 1542 cantione.

390 1613 599 1660 Scientes
625 1612 752 1671 quod
775 1610 995 1658 rationale
1026 1612 1194 1657 animal
1216 1612 1353 1658 homo
1378 1617 1463 1670 est,
1489 1618 1536 1659 et
1561 1613 1687 1671 quod
1709 1613 1932 1660 sensibilis

299 1688 470 1746 anima,
496 1693 542 1735 et
569 1700 738 1747 corpus
764 1693 833 1735 est
854 1687 1037 1745 animal,
1063 1693 1109 1733 et
1140 1687 1407 1745 ignorantes
1431 1688 1488 1733 de
1517 1688 1603 1734 hac
1633 1688 1799 1748 anima,
1824 1690 1936 1748 quid

303 1775 356 1809 ea
387 1763 464 1821 sit,
502 1762 581 1811 vel
615 1762 671 1807 de
712 1761 809 1819 ipso
849 1771 1057 1819 corpore,
1098 1760 1351 1818 perfectam
1389 1761 1587 1808 hominis
1626 1763 1936 1821 cognitionem

301 1837 468 1883 habere
488 1849 582 1882 non
607 1847 853 1895 possumus
861 1849 877 1894 3
900 1836 1006 1894 quia
1029 1834 1300 1892 cognitionis
1322 1834 1544 1894 perfectio
1568 1836 1936 1897 uniuscujusque

302 1909 582 1956 terminatur
614 1909 671 1955 ad
701 1909 863 1955 ultima
903 1908 1145 1962 elementa,
1176 1907 1299 1954 sicut
1338 1907 1556 1964 magister.
1593 1909 1854 1967 sapientum
1887 1911 1934 1957 in

299 1983 525 2042 principio
559 1983 867 2040 Physicorum
898 1987 1113 2028 testatur.
1150 1981 1296 2039 Igitur
1335 1981 1393 2027 ad
1426 1981 1684 2029 hahendam
1714 1985 1939 2033 cantionis

303 2056 630 2115 cognitionem,
656 2068 795 2115 quam
818 2055 1061 2113 inhiamus,
1086 2067 1216 2101 nunc
1241 2053 1510 2102 diffinientia
1533 2057 1938 2108 suumdeffiniens

299 2131 387 2178 sub
412 2130 686 2189 compendio
707 2130 989 2178 ventilemus
997 2144 1014 2189 3
1039 2135 1086 2176 et
1111 2130 1259 2188 primo
1281 2130 1338 2176 de
1359 2135 1518 2187 cantu,
1543 2130 1710 2177 deinde
1735 2132 1790 2178 de
1812 2133 1937 2180 habi-

302 2203 482 2261 tudine,
510 2209 556 2250 et
581 2204 876 2262 postmodum
907 2203 963 2249 de
988 2203 1269 2251 carminibus
1299 2209 1345 2251 et
1375 2204 1562 2264 syllabis
1589 2211 1933 2264 percontemur.

302 2275 509 2323 Dicimus
540 2288 665 2335 ergO,
690 2277 816 2335 quod
847 2278 995 2324 omnis
1017 2277 1187 2324 stantia
1209 2277 1268 2324 ad
1297 2278 1529 2336 quandam
1552 2277 1687 2324 odam
1711 2278 1935 2338 recipien-

301 2349 409 2395 dam
428 2349 711 2396 armonizata
737 2354 839 2408 est3
862 2350 1013 2396 sedin
1033 2350 1170 2397 modo
1192 2350 1415 2399 diversari
1436 2351 1652 2409 videtur;
1677 2353 1785 2411 quia
1808 2365 1936 2413 quae-

304 2421 408 2468 dam
433 2427 545 2469 sunt
569 2422 656 2468 sub
681 2435 773 2468 una
800 2422 886 2468 oda
912 2422 1148 2480 continua,
1171 2435 1321 2482 usque
1350 2422 1407 2469 ad
1435 2422 1656 2471 ultimum
1685 2427 1931 2482 progressi-

302 2507 379 2552 ve,
410 2495 496 2541 hoc
528 2500 598 2541 est
639 2495 737 2541 sine
775 2495 1020 2542 iteratione
1058 2496 1383 2543 modulationis
1422 2496 1710 2555 cujusquam,
1750 2503 1798 2544 et
1835 2499 1933 2546 sinc

299 2565 499 2626 dieresi,
539 2572 586 2615 et
618 2566 830 2614 dieresim
856 2567 1051 2616 dicimus
1082 2568 1410 2618 deductionem
1438 2574 1714 2629 vergentem
1745 2571 1803 2617 de
1842 2584 1930 2618 una
