2054 3262
304 156 388 203 316
896 161 1038 197 menn
1069 161 1332 198 SECUNDUS.

306 263 379 313 tes,
415 260 455 301 et
484 256 647 313 populi
677 255 880 301 meditati
904 259 1009 301 suut
1040 256 1207 300 inania
1225 255 1247 300 P
1274 254 1530 300 Astiterunt
1554 266 1678 314 reyes
1706 260 1860 314 terroe,
1889 261 1930 304 ct

306 332 542 388 principes
566 331 871 375 convenerunt
895 329 945 373 in
969 340 1126 383 uuum,
1152 327 1371 373 adversus
1391 329 1637 374 Dominum
1658 332 1698 374 et
1714 328 1932 376 adversus

311 404 542 448 Christum
567 401 674 456 ejus.
709 401 881 447 Verum
906 401 1012 460 quia
1041 400 1260 446 naturalis
1287 412 1414 446 amor
1440 400 1709 447 diuturnam
1733 413 1831 448 esse
1856 403 1933 447 de-

308 476 526 521 risionem
556 488 650 521 non
682 476 872 533 patitur,
903 476 1000 532 sed,
1032 481 1085 522 ut
1118 475 1181 520 sol
1213 475 1403 521 festivus
1427 474 1507 532 qui
1530 473 1730 531 disjectis
1752 475 1932 520 nebulis

307 549 550 596 matutinis
597 549 749 595 oriens
779 549 1041 595 luculenter
1074 548 1276 603 irradiat,
1309 548 1535 593 derisione
1566 547 1746 604 omissa,
1779 546 1935 594 lucem

311 622 610 668 correctionis
626 622 860 668 effundere
885 621 1063 667 mavult
1080 634 1094 677 3
1116 621 1173 666 ad
1192 620 1573 677 disrumpendum
1594 618 1781 667 vincula
1804 619 1939 676 igno--

307 696 471 742 rantiae
504 708 666 753 regum
691 701 830 753 atque
855 695 1119 752 principum
1147 694 1320 749 talium,
1344 699 1389 738 et
1415 694 1472 738 ad
1497 693 1833 740 ostendendum
1857 705 1943 750 ge·-

308 783 398 816 nus
427 771 682 815 humanum
706 769 904 815 liberum
934 782 958 814 a
985 769 1094 826 jugo
1120 768 1338 825 ipsorum,
1368 778 1474 813 cum
1498 767 1720 825 propheta
1744 766 1944 813 sancus--

308 844 424 888 simo
454 855 527 886 me
560 843 921 899 subsequentem
951 841 1183 896 hortabor,
1214 840 1543 897 subsequentia
1573 840 1938 886 subassu'mens:

309 917 680 972 Disrumpamus,
702 914 935 968 videlicet,
958 914 1147 958 vincula
1169 925 1340 965 eorum,
1363 916 1402 957 et
1420 911 1728 970 projiciamus
1756 927 1787 960 a
1811 915 1939 960 nobis
1983 920 1986 922 ’

308 986 462 1044 iugum
489 989 706 1044 ipsorum.
740 986 851 1031 Haec
882 985 1094 1042 equidem
1127 985 1217 1030 duo
1248 984 1360 1030 fient
1383 980 1685 1043 sufficienter,
1710 986 1748 1032 si
1772 975 1938 1032 secun-

309 1061 414 1106 dam
445 1066 625 1118 partem
655 1059 894 1117 praesentis
926 1059 1143 1116 propositi
1174 1065 1486 1117 prosequutus
1515 1059 1662 1118 fuero,
1694 1066 1740 1107 et
1762 1061 1946 1108 instan«

315 1133 370 1179 tis
401 1133 669 1191 quaestionis
698 1133 946 1179 veritatem
971 1133 1221 1178 ostendam.
1255 1132 1369 1177 Nam
1394 1146 1478 1191 per
1506 1134 1609 1191 hoc,
1639 1135 1764 1193 quod
1787 1147 1943 1182 roma-

309 1220 423 1252 num
455 1207 699 1264 imperium
721 1208 775 1252 de
793 1207 898 1264 jure
919 1207 1056 1253 fuisse
1077 1208 1426 1263 monstrabitur,
1454 1221 1547 1254 non
1577 1210 1725 1255 solum
1749 1211 1806 1255 ab
1828 1192 1943 1256 ocu—x

314 1281 365 1326 lis
396 1280 675 1338 principum,
707 1284 786 1339 qui
817 1281 1130 1337 gubernacula
1161 1281 1341 1339 publica
1372 1282 1457 1327 sibi
1486 1289 1730 1342 usurpant,
1755 1285 1842 1330 hoc
1873 1285 1941 1342 ip-

311 1367 414 1400 sum
458 1354 514 1399 de
553 1366 742 1399 romano
784 1354 952 1411 populo
983 1356 1267 1401 mendaciter
1298 1356 1630 1414 existimantes,
1667 1357 1939 1414 ignorantiae

314 1429 483 1473 nebula
514 1428 699 1473 eluetur
712 1442 726 1484 3
753 1429 834 1473 sed
862 1429 1080 1475 mortales
1106 1442 1264 1476 omnes
1295 1443 1392 1476 esse
1424 1444 1472 1477 se
1502 1432 1670 1478 liberos
1693 1444 1718 1477 a
1739 1430 1850 1489 jugo
1873 1433 1940 1479 sic

313 1499 643 1558 usurpantium
682 1506 1027 1556 recognoscent.
1065 1501 1243 1547 Veritas
1272 1508 1431 1548 autem
1471 1503 1741 1561 quaestionis
1781 1509 1940 1561 patere

315 1579 467 1633 potest
486 1586 578 1618 non
603 1572 752 1619 'solum
777 1573 951 1618 lumine
975 1573 1168 1619 rationis
1190 1575 1419 1632 humanae,
1445 1577 1525 1622 sed
1546 1582 1592 1622 et
1617 1577 1746 1622 radio
1771 1577 1940 1624 divinae

313 1646 618 1692 authoritatis
638 1647 751 1701 Quae
778 1647 869 1691 duo
895 1658 1003 1692 cum
1028 1646 1164 1691 simul
1189 1648 1246 1692 ad
1270 1660 1417 1693 unum
1444 1654 1749 1707 concurrunt,
1775 1649 1944 1696 coelum

313 1728 359 1768 et
379 1728 553 1768 terram
570 1722 704 1768 simul
725 1721 947 1768 assentire
972 1734 1161 1768 necesse
1186 1728 1269 1768 est.
1296 1722 1441 1780 Igitur
1464 1721 1647 1769 fiduciae
1672 1729 1942 1782 praenotatae

312 1795 515 1852 innixuS,
542 1801 589 1841 et
616 1795 877 1841 testimonio
902 1796 1093 1842 rationis
1119 1802 1166 1842 et
1190 1797 1482 1844 authoritatis
1505 1797 1668 1856 fretUS,
1699 1798 1757 1844 ad
1779 1809 1946 1844 secun·

314 1871 416 1915 dam
445 1871 749 1927 quaestionem
776 1871 1079 1916 dirimendam
1104 1871 1350 1928 ingredior.

403 1939 426 2004 ἓ
460 1943 509 1988 ΙΙ.
539 1943 790 1999 Postquam
821 1941 1125 2000 sufficienter,
1157 1934 1572 2001 secundum'quod
1601 1944 1793 1990 materia
1830 1945 1944 2002 pati-

316 2023 414 2074 tur,
442 2016 498 2061 de
523 2015 723 2062 veritate
741 2014 903 2073 primae
929 2015 1226 2060 dubitationis
1250 2014 1525 2072 inquisitum
1550 2021 1634 2071 est,
1653 2015 1794 2062 instat
1817 2030 1945 2063 nunc

314 2089 371 2134 de
401 2088 604 2135 veritate
635 2087 852 2132 secundae
884 2086 1148 2144 inquirere:
1191 2087 1277 2133 hoc
1308 2093 1395 2146 est,
1427 2094 1590 2134 utrum
1619 2100 1838 2136 romanus
1869 2103 1946 2149 po-

315 2163 452 2220 pulus
483 2162 538 2208 de
565 2160 669 2219 =iure
700 2160 782 2207 sibi
815 2160 1031 2207 asciverit
1062 2161 1243 2219 imperii
1274 2162 1557 2219 dignitatem.
1592 2161 1734 2220 Cujus
1758 2162 1957 2221 quidem*

315 2234 588 2292 quaestionis
613 2232 891 2290 principium
917 2237 1002 2289 est,
1029 2233 1189 2279 videre
1214 2246 1319 2291 quae
1345 2233 1403 2279 sit
1428 2234 1500 2279 illa
1527 2233 1710 2292 veritaS,
1737 2234 1786 2280 in
1809 2248 1948 2294 quam

313 2307 514 2353 rationes
539 2306 846 2365 inquisitionis
871 2306 1128 2363 praesentis,
1155 2305 1286 2352 velut
1310 2306 1358 2350 in
1383 2306 1662 2364 principium
1692 2307 1946 2365 proprium,

315 2371 619 2426 reducanturss
653 2379 901 2425 Sciendum
933 2384 1001 2424 est
1033 2378 1187 2435 igitur,
1221 2379 1345 2437 quod
1374 2379 1763 2436 quemadmodum
1795 2393 1870 2427 ars
1900 2381 1948 2427 in

317 2452 487 2510 triplici
518 2453 662 2509 gradu
697 2451 954 2507 invenitur,
987 2451 1035 2496 in
1066 2457 1224 2498 mente
1255 2452 1430 2497 scilicet
1460 2451 1665 2508 artificis,
1690 2452 1738 2497 in
1763 2465 1948 2511 organO,

316 2532 362 2572 et
394 2527 442 2571 in
472 2526 664 2572 materia
695 2525 888 2572 formata
929 2537 1012 2583 per
1041 2531 1220 2581 artem·;
1266 2525 1332 2571 sic
1373 2530 1420 2570 et
1459 2531 1673 2572 naturam
1703 2526 1750 2572 id
1780 2526 1951 2584 triplici

316 2601 463 2659 gradu
494 2612 737 2659 possumus
768 2599 954 2646 intueri.
982 2599 1064 2645 Est
1088 2600 1213 2644 enim
1239 2605 1404 2646 natura
1433 2599 1482 2645 in
1512 2605 1668 2646 mente
1692 2599 1829 2659 primi
1851 2613 1950 2646 mo·

318 2674 443 2729 toriS,
476 2673 556 2732 qui
588 2674 712 2719 Deus
744 2677 842 2718 est:
876 2672 1039 2717 deinde
1069 2672 1116 2717 in
1149 2673 1262 2719 coelo
1298 2678 1518 2731 tanquam
1556 2672 1601 2734 in
1635 2685 1823 2730 organO,
1854 2685 1973 2739 quo³

317 2749 548 2794 mediante
580 2747 829 2794 similitudo
859 2746 1077 2792 bonitatis
1108 2753 1299 2792 aeternae
1332 2746 1379 2792 in
1415 2745 1674 2792 fluitantem
1707 2746 1947 2792 materiam
1970 2752 1976 2815 ᾗ
2002 2797 2006 2804 .

317 2821 593 2878 explicatur.
612 2820 670 2866 Et
689 2820 1078 2878 quemadmodum
1105 2819 1310 2878 perfecto
1336 2818 1567 2866 existente
1591 2817 1785 2874 artifice,
1810 2823 1949 2876 atque
1972 2818 1977 2854 ῑ

316 2894 487 2951 optime
519 2905 690 2951 organo
722 2905 771 2939 se
801 2893 1014 2950 habente,
1045 2892 1081 2937 si
1107 2891 1346 2948 contingat
1370 2896 1616 2949 peccatum
1640 2889 1688 2935 in
1709 2889 1853 2936 forma
1878 2901 1950 2936 ar·
1986 2920 1989 2922 -
