2054 3262
325 146 419 193 234
923 158 1071 196 mBER
1105 158 1364 199 SECUNDUS.

1013 344 1178 391 CAPUT
1209 345 1278 392 XI.

449 493 503 532 Dc
531 493 753 533 habitudine
779 495 942 543 stantiae,
969 494 1016 532 de
1043 505 1203 533 numero
1233 495 1373 545 pedum
1401 499 1439 533 et
1465 494 1716 546 syllabarum,
1741 501 1780 536 et
1803 495 1855 539 do

613 561 860 600 distinctione
887 562 1100 601 carminum
1128 561 1392 611 ponendorum
1422 563 1462 601 in
1490 563 1711 604 dictamine.

421 672 617 718 Videtur
640 672 772 719 nobis
787 673 903 728 haec,
922 683 1060 730 quam
1075 670 1392 717 habitudinem
1410 670 1620 730 dicimus,
1636 671 1838 719 maxima
1857 682 1964 731 pars

328 744 450 801 eius,
477 744 602 803 quod
625 743 738 790 artis
763 749 861 800 est3
886 744 988 788 haec
1014 741 1136 787 enim
1163 741 1285 787 circa
1311 747 1476 787 cantus
1506 741 1798 800 divisionem,
1823 747 1963 800 atque

334 819 611 860 contextum
651 813 933 869 carminum,
980 817 1027 858 et
1072 812 1368 857 rithimorum
1411 812 1683 859 relationem
1725 813 1961 860 consistit:

327 894 616 947 quapropter
652 886 995 944 diligentissime
1034 885 1226 932 videtur
1257 898 1356 932 esse
1386 887 1642 934 tractanda.
1687 887 1966 947 Incipientes

334 972 443 1018 ergo
472 961 684 1018 dicimUS,
711 961 837 1019 quod
860 961 987 1006 frons
1013 973 1121 1006 cum
1146 961 1360 1009 versibus
1382 966 1429 1007 et
1452 961 1594 1020 pedes
1622 973 1731 1008 cum
1759 968 1964 1021 syrmate
1999 955 2002 957 ’

325 1033 432 1080 sive
459 1035 620 1091 cauda,
646 1039 693 1081 et
719 1034 906 1092 quidem
927 1033 1069 1092 pedes
1095 1046 1204 1080 cum
1227 1033 1440 1082 versibus
1460 1034 1508 1079 in
1531 1034 1701 1082 stantia
1723 1046 1775 1081 se
1797 1034 1965 1082 habere

334 1108 642 1155 diversimode
667 1111 892 1166 possunt:
925 1118 1031 1152 nam
1058 1107 1338 1165 quandoque
1361 1106 1488 1153 frons
1511 1118 1679 1155 versus
1701 1107 1887 1155 excedit
1915 1108 1965 1154 in

333 1182 520 1241 syllabis
544 1186 591 1227 et
618 1179 913 1236 carminibUS,
939 1179 1016 1226 vel
1041 1178 1270 1225 excedere
1294 1185 1448 1238 potest
1464 1193 1480 1237 3
1507 1185 1554 1227 et
1579 1179 1774 1227 dicimus
1796 1186 1964 1239 potest,
2009 1188 2011 1190 ·

326 1256 552 1315 quoniam
576 1253 894 1300 habitudinem
924 1253 1042 1299 hanc
1064 1253 1215 1299 adhuc
1240 1266 1334 1299 non
1359 1253 1577 1301 vidimus,
1610 1255 1894 1314 Quandoque
1916 1254 1965 1300 in

332 1327 618 1374 carminibus
642 1326 886 1382 excedere,
914 1331 962 1372 et
986 1326 1034 1371 in
1058 1326 1242 1385 syllabis
1266 1327 1476 1386 superari
1503 1333 1674 1387 potest,
1699 1334 1754 1374 ut
1778 1329 1815 1374 si
1838 1327 1965 1374 frons

331 1408 452 1448 esset
477 1405 784 1458 pentametra,
808 1405 854 1446 et
880 1399 1074 1458 quilibet
1105 1412 1271 1447 versus
1303 1402 1514 1459 dimeter,
1546 1407 1594 1448 et
1623 1407 1772 1448 metra
1802 1401 1964 1449 frontis

335 1473 633 1533 eptasyllaba‚
656 1478 701 1518 et
728 1484 896 1520 versus
921 1473 1267 1532 endecasyllaba
1285 1474 1473 1522 essent.¹
1499 1475 1785 1535 Quandoque
1798 1486 1964 1523 versus

330 1546 533 1593 frontem
550 1552 772 1604 superant
789 1545 975 1605 syllabis
991 1553 1036 1592 et
1050 1546 1344 1604 carminibus,
1356 1553 1410 1594 ut
1426 1547 1474 1594 in
1489 1547 1562 1594 illa
1579 1560 1721 1607 quam
1735 1548 1959 1597 diximus:

677 1662 693 1678 α
721 1644 926 1694 Traggemi
957 1645 1056 1682 della
1085 1651 1211 1683 mente
1238 1646 1352 1684 Amor
1379 1647 1417 1685 la
1445 1645 1578 1686 stiva.²
1605 1664 1620 1680 ι-

370 1773 386 1801 1
414 1765 587 1809 L’inciso
618 1781 668 1809 va
696 1774 871 1809 ordinato
909 1774 957 1809 ed
987 1775 1113 1810 inteso
1182 1783 1243 1808 sus
1272 1773 1362 1809 vedi
1394 1773 1429 1808 la
1453 1775 1540 1809 nota
1563 1774 1588 1811 2
1607 1773 1710 1810 nella
1730 1773 1966 1810 traduzione.

323 1822 403 1861 cosi
419 1834 428 1858 ε
446 1827 479 1858 et
495 1827 626 1866 metra,
651 1823 751 1859 idest
766 1823 947 1869 carmina,
962 1823 1113 1868 Γνοηιὶε,
1225 1824 1242 1850 2
1266 1825 1405 1868 Questa
1434 1834 1602 1862 canzone
1633 1825 1670 1861 di
1703 1826 1824 1862 Dante
1849 1836 1922 1862 non
1939 1827 1960 1861 e

326 1878 440 1910 essent
455 1874 695 1920 eptasyllaba,
728 1878 760 1909 et
775 1876 945 1910 carmina
972 1885 1111 1918 versus,
1184 1874 1300 1911 finora
1319 1878 1420 1911 stato
1436 1875 1621 1921 possibile
1637 1876 1683 1912 ad
1702 1876 1838 1912 alcuno
1861 1876 1899 1912 di
1918 1878 1966 1912 ri-

326 1923 427 1959 idest
456 1923 585 1967 vome,
619 1928 734 1959 essent
762 1923 1052 1969 endecasyllaba.
1070 1944 1116 1952 —
1182 1927 1363 1972 trovarla,
1381 1937 1402 1962 e
1421 1926 1456 1962 lo
1473 1927 1568 1962 dissi
1584 1926 1645 1972 gia
1667 1927 1768 1963 nelle
1798 1927 1964 1964 illustra·

323 1972 478 2009 intorno
504 1973 538 2009 al
563 1973 776 2019 significato
802 1973 903 2011 della
921 1982 1015 2012 voce
1033 1985 1114 2011 cer-
1181 1975 1279 2012 zioni
1296 1975 1336 2012 al
1351 1976 1588 2024 Canzonierq
1605 1985 1691 2025 pag.
1714 1977 1794 2016 327.
