2054 3262
273 164 359 210 220
866 171 1010 207 menn
1043 170 1305 208 SECUNDUS.

355 266 625 312 Hamemcus
648 266 716 311 de
729 265 978 311 Peculiano
997 279 1006 310 :

558 375 574 390 «ι
601 359 638 395 Si
669 370 750 396 com
783 357 970 405 l'urbres,
999 368 1073 406 que
1098 367 1166 406 pei·
1194 353 1471 395 sobrecarcar.¹
1499 373 1518 390 υ

360 452 508 499 Guido
536 452 778 499 Guinizelli
797 466 807 498 ε

557 560 573 576 α
600 545 729 594 Tegno
758 545 794 582 di
825 546 912 584 folle
941 547 1108 596 impresa
1137 545 1214 584 allo
1243 558 1309 584 vet·
1337 545 1432 586 dire.
1457 564 1476 583 υ

359 636 505 684 Guido
532 636 798 684 Cavaleanti
819 652 828 683 :

559 747 575 763 u
603 731 667 768 Poi
697 731 766 768 che
795 731 833 768 di
863 730 992 781 doglia
1021 743 1113 769 cuor
1142 732 1303 769 convien
1332 731 1392 768 ch'
1413 732 1449 769 io
1478 731 1594 782 porti.
1621 747 1640 764 ⁸

362 822 504 869 Cinus
530 824 586 870 de
612 824 835 870 Pistorio:

559 945 574 961 «
604 929 751 978 Avengn
781 930 895 967 eli'io
924 942 999 967 non
1028 929 1140 980 aggia
1171 929 1238 979 piu
1266 941 1334 980 pen·
1362 935 1501 980 tempo.
1527 947 1545 964 »

360 1022 555 1070 Amicus
584 1024 682 1081 ers
699 1038 709 1070 :

560 1131 574 1146 κ
603 1115 730 1161 Amor,
757 1114 825 1151 che
854 1114 954 1150 nella
984 1119 1108 1150 mente
1138 1113 1189 1150 mi
1219 1113 1413 1164 νιιὸἰοηῑι.2
1439 1131 1455 1147 »
1487 1113 1503 1123 ‘

361 1208 456 1255 Nec
489 1210 682 1267 mireris,
715 1211 877 1268 lector,
912 1212 967 1257 de
1003 1217 1069 1256 tot
1102 1211 1311 1258 reductis
1350 1213 1619 1260 auctoribus
1647 1213 1707 1259 ad
1734 1226 1911 1261 memo-

273 1281 418 1328 riam:
451 1296 546 1328 non
578 1285 701 1329 enim
737 1297 876 1342 quam
918 1297 1185 1343 supremam
1226 1299 1451 1333 vocamus
1492 1288 1913 1345 constructionem,

274 1358 360 1403 nisi
391 1370 475 1416 per
506 1358 768 1415 hujusmodi
809 1361 1018 1417 exempla
1058 1371 1303 1417 possumus
1342 1360 1565 1406 indicare.
1605 1361 1665 1407 Et
1705 1361 1915 1408 fortassis

276 1431 568 1477 utilissimum
593 1432 710 1478 foret
741 1433 797 1477 ad
827 1432 949 1477 illam
979 1433 1307 1479 habituandam
1338 1435 1570 1491 regulatos
1600 1435 1769 1481 vidisse
1801 1447 1909 1492 poe-

278 1509 358 1560 taS,
386 1503 623 1560 Virgilium
651 1504 886 1561 videlicet,
923 1503 1143 1551 Ovidium
1168 1506 1217 1551 in
1252 1508 1670 1564 Metamorphoseos,
1711 1507 1912 1554 Statium

274 1584 413 1637 atque
437 1579 711 1636 Lucanum3
739 1593 828 1627 nec
852 1593 947 1626 non
971 1581 1097 1637 alios,
1124 1581 1203 1639 qui
1229 1581 1298 1626 usi
1326 1587 1437 1627 sunt
1462 1581 1704 1627 altissimas
1734 1594 1913 1639 prosaS,

275 1659 325 1699 ut
351 1653 567 1707 Tullium,
593 1653 796 1709 Livium,
824 1652 1042 1709 Plinium,
1068 1652 1366 1709 Frontinum,
1390 1653 1587 1699 Paulum
1613 1652 1841 1710 Orosium,
1863 1659 1914 1700 et

276 1728 443 1773 multos
467 1727 589 1783 alios,
617 1738 732 1784 quos
758 1726 907 1771 amica
928 1725 1127 1770 solitudo
1153 1737 1237 1771 nos
1259 1725 1450 1772 visitare
1468 1725 1650 1773 invitat.
1677 1725 1915 1772 Desistant

275 1815 384 1859 ergo
424 1801 695 1858 ignorantiae
725 1805 979 1845 sectatores
1012 1799 1268 1846 Guidonem
1307 1799 1558 1856 aretinum,
1601 1805 1647 1845 et
1690 1800 1913 1858 quosdam

275 1875 382 1919 alios
425 1874 715 1929 extollenteS,
753 1883 994 1929 nunquam
1026 1872 1074 1916 in
1104 1871 1342 1918 vocabulis
1386 1877 1528 1931 atque
1562 1872 1914 1919 constructione

277 1949 491 1994 desuetos
517 1947 797 2005 plebescere.

948 2128 1114 2175 CAPUT
1146 2128 1237 2175 VII.

489 2279 579 2325 Qnae
607 2278 684 2315 sint
714 2277 887 2326 ponenda
918 2276 1115 2325 vocabula,
1146 2283 1183 2313 et
1211 2289 1295 2326 quae
1325 2278 1363 2314 in
1393 2282 1516 2314 metro
1544 2275 1700 2327 vulgari

863 2344 998 2381 cudere
1027 2356 1101 2381 non
1131 2350 1302 2393 possunt.

360 2456 612 2505 Grandioso
632 2455 768 2500 modo
791 2454 1018 2501 vocabula
1043 2455 1129 2500 sub
1154 2455 1347 2511 praelato
1365 2454 1469 2499 stilo
1486 2453 1620 2510 digna
1642 2452 1915 2507 consistere,

277 2533 542 2580 successiva
573 2537 745 2577 nostrae
777 2530 1110 2588 progressionis
1135 2527 1375 2587 provincia
1410 2525 1603 2573 lucidari
1635 2526 1914 2583 expostulat.

277 2609 541 2663 Testamur,
566 2604 759 2663 proinde
786 2602 1074 2660 incipienteS,
1099 2613 1192 2646 non
1222 2599 1468 2645 minimum
1499 2610 1615 2657 opus
1646 2610 1745 2644 esse
1775 2597 1915 2643 ratio-

275 2683 344 2727 nis
359 2679 687 2727 discretionem
704 2677 1040 2724 vocabulorum
1057 2675 1243 2732 habere,
1256 2673 1474 2732 quoniam
1490 2671 1732 2731 perplures
1751 2683 1915 2717 eorum

275 2754 491 2802 materies
522 2750 724 2800 inveniri
755 2762 888 2808 posse
920 2749 1148 2797 videmus,
1190 2748 1305 2794 Nam
1335 2745 1671 2795 vocabulorum
1701 2743 1916 2802 quaedam

315 2869 329 2895 1
357 2869 395 2903 Si
409 2878 504 2904 come
520 2867 542 2903 ι’
555 2866 694 2911 albero,
709 2865 770 2902 che
780 2874 851 2911 per
868 2872 1057 2910 sopracca-
1182 2862 1198 2888 2
1225 2851 1253 2897 E
1271 2861 1307 2897 la
1324 2870 1491 2898 canzone
1518 2859 1588 2897 che
1607 2859 1668 2896 nel
1698 2858 1924 2895 Canzoniere

266 2921 411 2957 ricarsi.
1138 2916 1199 2950 sta
1216 2913 1275 2949 col
1296 2922 1400 2951 num.
1419 2911 1501 2949 XV.
1774 2924 1776 2929 ’
