2054 3262
302 156 387 202 318
897 166 1042 203 LIBER
1075 166 1335 204 SECUNDUS.

304 258 376 316 tis,
403 258 608 304 materiae
637 263 820 304 tantum
844 259 1166 318 imputandum
1195 265 1264 305 est
1279 273 1296 317 3
1323 259 1404 316 sic,
1432 271 1540 306 cum
1565 259 1691 306 Deus
1714 246 1928 306 ultimum

304 330 596 388 perfectionis
627 334 840 390 attingat,
873 339 918 379 et
950 333 1314 378 instrumentum
1347 331 1444 388 ejus
1477 329 1624 391 (quod
1648 331 1816 377 coelum
1837 331 1928 391 est)

306 405 484 450 nullum
515 406 682 452 dehitae
715 408 1006 465 perfectionis
1034 405 1241 466 patiatur
1272 407 1523 462 defectum,
1550 411 1604 452 ut
1635 418 1696 453 ex
1725 406 1780 452 iis
1803 411 1930 464 patet

305 490 411 536 quae
444 479 500 524 de
533 480 646 525 coelo
677 481 1074 539 philosophamur,
1116 487 1276 538 restat,
1308 480 1433 538 quod
1463 479 1685 537 quicquid
1715 479 1764 524 in
1792 481 1933 525 rebus

306 553 594 601 inferioribus
614 562 683 602 est
704 563 965 614 peccatum,
992 569 1051 603 ex
1080 561 1211 614 parte
1237 555 1443 600 materiae
1468 552 1747 611 subjacentis
1771 566 1932 611 pecca-

307 631 407 671 tum
437 627 512 684 sit,
539 633 584 673 et
609 635 783 687 praeter
807 630 1114 676 intentionem
1141 629 1219 676 Dei
1247 634 1292 674 et
1326 628 1457 680 coeli‚·
1488 632 1534 672 et
1561 627 1685 685 quod
1711 626 1935 684 quicquid

307 705 376 745 est
410 699 457 744 in
488 702 627 747 rebus
666 702 956 749 inferioribus
995 704 1184 760 bonum,
1226 715 1335 748 cum
1374 703 1430 747 ab
1467 702 1562 759 ipsa
1602 699 1795 746 materia
1835 710 1934 744 esse

309 784 401 817 non
432 775 588 831 possit,
619 774 711 820 sola
741 777 945 833 potentia
979 776 1226 833 existente,
1269 787 1353 833 per
1384 775 1513 832 prius
1542 774 1600 819 ab
1633 770 1810 818 artifice
1841 771 1935 816 Deo

308 844 382 901 sit,
402 853 448 890 et
466 847 738 892 secundario
762 860 787 894 a
805 848 934 904 coe10,
961 849 1086 907 quod
1111 860 1332 905 organum
1360 852 1428 892 est
1453 846 1566 892 artis
1589 845 1776 902 divinae,
1797 856 1936 902 quam

310 915 530 962 Naturam
562 920 872 966 communiter
902 921 1147 978 appellant.
1181 921 1254 966 Ex
1284 920 1337 966 iis
1375 919 1468 977 Jam
1508 919 1653 977 liquet
1702 919 1828 977 quod
1859 916 1936 974 jus
1984 920 1986 922 ’

311 1002 418 1035 cum
449 991 507 1036 sit
539 992 725 1050 bonum,
768 1006 851 1051 per
890 994 1017 1050 prius
1054 994 1103 1039 in
1143 999 1299 1039 mente
1331 993 1413 1038 Dei
1444 998 1542 1038 est:
1584 998 1630 1037 et
1663 1003 1771 1038 cum
1801 1002 1935 1035 omne

310 1064 435 1121 quod
458 1064 507 1109 in
527 1071 684 1112 mente
715 1066 798 1111 Dei
829 1073 913 1124 est,
940 1068 998 1112 sit
1024 1068 1147 1112 Deus
1173 1066 1327 1125 (juxta
1348 1066 1488 1111 illud:
1518 1064 1644 1120 Quod
1661 1065 1836 1123 sactum
1857 1066 1935 1119 est,

311 1133 364 1177 in
397 1134 493 1189 ipso
529 1137 625 1179 vita
660 1134 799 1195 erat),
831 1141 876 1181 et
910 1137 1033 1182 Deus
1063 1137 1262 1182 maxime
1294 1135 1497 1193 seipsum
1536 1134 1669 1190 velit,
1710 1133 1937 1191 sequitur,

312 1205 436 1262 quod
461 1204 536 1262 jus
566 1219 591 1251 a
622 1207 731 1264 De0,
763 1214 903 1266 prout
937 1209 986 1254 in
1017 1221 1070 1255 eo
1103 1216 1190 1266 est,
1223 1208 1281 1255 sit
1312 1209 1524 1256 volitum.
1551 1207 1610 1253 Et
1643 1218 1750 1253 cum
1777 1193 1938 1253 volun-⁸

313 1281 382 1322 tas
411 1283 457 1323 et
488 1279 685 1325 volitum
709 1280 766 1325 in‘
782 1282 878 1327 Deo
898 1283 957 1327 sit
990 1283 1124 1338 idem,
1161 1282 1374 1340 sequitur
1398 1281 1608 1336 ulteriuS,
1634 1279 1759 1338 quod
1780 1279 1934 1326 divina

316 1350 527 1398 voluntas
556 1353 614 1398 sit
645 1354 797 1412 ipsum
821 1355 914 1412 jus,
947 1355 1006 1401 Et
1037 1355 1210 1402 iterum
1243 1369 1303 1402 ex
1331 1356 1419 1402 hoc
1449 1355 1678 1413 sequitur,
1704 1354 1830 1412 quod
1863 1354 1938 1411 jus

310 1423 359 1468 in
388 1425 528 1470 rebus
558 1426 668 1472 nihil
708 1434 776 1473 est
815 1428 939 1474 aliud
978 1441 1117 1488 quam
1155 1430 1407 1475 similitudo
1449 1429 1620 1476 divinae
1668 1428 1936 1476 voluntatis,

312 1496 441 1542 Unde
466 1497 534 1554 fit,
561 1500 685 1556 quod
710 1500 932 1558 quicquid
958 1501 1127 1548 divinae
1151 1501 1381 1548 voluntati
1406 1513 1501 1547 non
1526 1505 1763 1557 consonat,
1788 1499 1939 1558 ipsum

308 1568 384 1625 jus
414 1581 510 1615 esse
543 1583 635 1615 non
667 1572 838 1629 possit:
871 1579 916 1618 et
949 1572 1174 1630 quicquid
1205 1572 1376 1619 divinae
1408 1572 1639 1619 voluntati
1679 1578 1748 1619 est
1781 1585 1939 1620 conso-

315 1655 444 1699 num,
460 1643 536 1701 jus
557 1645 708 1703 ipsum
724 1646 797 1692 sit.
827 1647 1117 1704 Quapropter
1142 1657 1354 1704 quaerere
1378 1652 1541 1692 utrum
1566 1646 1622 1691 de
1641 1646 1746 1704 jure
1766 1646 1940 1694 factum

313 1714 370 1760 sit
399 1716 585 1774 aliquid,
617 1717 723 1764 licet
763 1718 847 1764 alia
888 1719 1031 1765 verba
1061 1718 1170 1774 sint,
1204 1718 1314 1764 nihil
1346 1723 1502 1764 tamen
1540 1719 1665 1765 aliud
1695 1720 1939 1777 quaeritur,

313 1800 453 1844 quam
484 1796 646 1835 utrum
677 1791 853 1837 factum
882 1792 940 1837 sit
965 1792 1222 1838 secundum
1248 1793 1372 1850 quod
1395 1793 1518 1838 Deus
1557 1792 1674 1839 vult.
1712 1792 1807 1839 Hoc
1832 1796 1940 1850 ergo

313 1870 617 1922 supponatur,
652 1867 777 1923 quod
806 1866 919 1913 illud
943 1867 1068 1925 quod
1088 1867 1211 1913 Deus
1231 1867 1279 1912 in
1309 1868 1548 1913 hominum
1577 1867 1796 1914 societate
1821 1867 1941 1922 vult,

314 1937 425 1981 illud
447 1950 530 1994 pro
555 1951 668 1985 vero
692 1946 831 1997 atque
856 1940 1037 1987 sincero
1061 1940 1166 1997 jure
1197 1934 1461 1986 habendum
1484 1940 1558 1986 sit.
1586 1941 1819 1987 Praeterea
1844 1953 1941 1986 me-

314 2012 499 2058 minisse
530 2019 729 2070 oportet,
761 2015 886 2071 quod
916 2014 1215 2072 Philosophus
1243 2014 1378 2061 docet
1405 2014 1452 2059 in
1477 2015 1624 2073 primo
1653 2015 1711 2060 ad
1734 2014 1943 2061 Nicoma÷

315 2087 482 2132 chum:
518 2089 621 2135 Non
644 2089 862 2133 similiter
887 2090 937 2134 in
962 2091 1087 2135 omni
1111 2091 1310 2135 materia
1335 2090 1556 2135 certitudo
1585 2090 1831 2149 quaerenda
1861 2093 1939 2144 est,

314 2161 392 2205 sed
414 2162 661 2206 secundum
689 2163 806 2221 quod
834 2165 1009 2208 natura
1045 2164 1117 2207 rei
1150 2162 1356 2217 subjectoe
1379 2164 1559 2220 recipit.
1594 2163 1790 2221 Propter
1818 2164 1943 2222 quod

313 2233 601 2280 sufficienter
632 2241 905 2292 argumenta
935 2236 1023 2281 sub
1052 2234 1244 2282 invento
1275 2235 1499 2293 principio
1529 2234 1800 2293 procedent,
1819 2234 1857 2279 si
1881 2245 1942 2281 ex

316 2306 567 2352 manifestis
596 2307 735 2364 signis
764 2313 905 2365 atque
936 2307 1197 2365 sapientum
1226 2306 1580 2353 auctoritatibus
1613 2305 1690 2364 jus
1718 2306 1837 2352 illius
1866 2317 1944 2364 po-

316 2381 413 2439 puli
443 2381 623 2438 gloriosi
657 2388 911 2440 quaeratur.
951 2382 1166 2427 Voluntas
1191 2380 1377 2439 quidem
1402 2380 1485 2426 Dei
1514 2393 1598 2438 per
1627 2393 1677 2427 se
1704 2380 1943 2426 invisibilis

316 2462 415 2502 est:
449 2457 530 2502 sed
558 2456 804 2503 invisibilia
837 2457 919 2502 Dei
950 2470 1034 2515 per
1063 2469 1115 2502 ea
1146 2468 1252 2514 quae
1277 2455 1396 2502 faeta
1419 2460 1546 2511 sunt,
1570 2454 1811 2501 intellectu
1833 2465 1942 2500 con-

315 2530 591 2588 spiciuntur.
618 2530 733 2575 Nam
753 2530 937 2576 occulto
959 2529 1192 2575 existente
1217 2528 1376 2585 sigillo,
1402 2539 1508 2574 cera
1531 2528 1750 2588 impressa
1771 2527 1828 2572 de
1850 2527 1941 2583 ille,

316 2602 528 2659 quamvis
559 2602 757 2658 occulto,
791 2601 928 2647 tradit
959 2601 1169 2646 notitiam
1199 2601 1515 2658 manifestam3
1561 2613 1647 2646 nec
1676 2599 1864 2656 mirum,
1903 2598 1942 2653 si

319 2676 469 2722 divina
493 2677 709 2722 voluntas
734 2689 816 2734 per
833 2675 959 2732 signa
976 2675 1230 2732 quaerenda
1246 2680 1315 2721 est
1331 2689 1347 2732 ;
1379 2687 1487 2721 cum
1512 2681 1559 2720 et
1583 2675 1782 2720 humana
1804 2680 1939 2721 extra

317 2752 551 2798 volentem
582 2765 676 2797 non
706 2752 838 2797 aliter
869 2762 1008 2808 quam
1039 2762 1122 2808 per
1151 2749 1278 2807 signa
1308 2754 1542 2796 cernatur.

403 2821 427 2886 ἓ
460 2825 530 2870 111.
564 2824 677 2870 Dico
707 2824 848 2881 igitur
877 2824 934 2869 ad
964 2822 1284 2882 quaestionem,
1315 2822 1441 2880 quod
1478 2832 1697 2867 romanus
1743 2820 1941 2878 populus

315 2899 373 2944 de
397 2898 519 2958 jure,
550 2910 643 2944 non
673 2899 956 2957 usurpandO,
985 2897 1248 2944 monarchae
1280 2894 1499 2953 officium,
1539 2894 1663 2953 quod
1693 2892 1939 2952 imperium
