2054 3262
591 408 738 516 nn
831 332 1782 500 MoNARoHIA.‘

741 591 1001 652 LIBER
1043 590 1366 653 PRIMUS

767 974 824 1015 De
854 976 1078 1014 necessitate
1107 974 1356 1015 monarchiae.

339 1099 363 1162 ἕ
390 1101 422 1147 Ι.
451 1099 671 1146 Omnium
699 1097 958 1152 hominum,
990 1107 1107 1153 quos
1138 1096 1197 1141 ad
1225 1108 1432 1142 amorem
1466 1098 1682 1144 veritatis
1711 1103 1879 1145 natura

250 1171 463 1229 superior
489 1168 739 1227 impressit,
765 1167 849 1213 hoc
877 1167 1078 1212 maxime
1103 1165 1327 1211 interesse
1353 1166 1560 1224 videtur,
1585 1173 1640 1213 ut
1664 1167 1880 1226 quemad·
1941 1222 1946 1234 ι

247 1247 438 1293 modum
471 1245 527 1290 de
558 1244 713 1290 labore
744 1242 1048 1299 antiquorum
1080 1240 1213 1286 ditati
1243 1246 1371 1297 sunt,
1404 1240 1467 1287 ita
1498 1247 1545 1287 et
1575 1241 1660 1300 ipsi
1691 1254 1775 1299 pro
1795 1253 1880 1300 ,po-

251 1321 387 1369 steris
417 1321 643 1375 laborent,
675 1322 907 1375 quatenus
933 1315 989 1360 ab
1014 1314 1079 1360 eis
1103 1316 1351 1372 posteritas
1375 1315 1540 1361 habeat
1565 1327 1660 1373 quo
1685 1315 1877 1361 ditetur.

249 1394 406 1450 Longe
447 1402 648 1449 namque
694 1389 750 1434 ab
793 1386 945 1433 officio
985 1399 1034 1433 se
1076 1399 1174 1432 esse
1212 1400 1307 1433 non
1339 1387 1539 1445 dubitet,
1571 1388 1651 1446 qui
1682 1388 1881 1446 publicis

251 1467 545 1514 documentis
575 1465 800 1520 imbutus,
838 1464 896 1508 ad
936 1463 1274 1521 rempublicam
1298 1461 1311 1488 ¹
1354 1463 1526 1522 aliquid
1565 1455 1746 1510 adferre
1786 1477 1881 1510 non

249 1547 415 1587 curat:
449 1551 544 1584 non
576 1538 700 1584 enim
731 1543 801 1583 est
832 1536 1024 1593 lignum,
1057 1535 1184 1593 quod
1213 1546 1348 1581 secus
1390 1535 1616 1582 decursus
1651 1548 1881 1594 aquarum

244 1611 500 1658 fructificat
534 1610 583 1655 in
615 1616 825 1667 tempore
850 1620 935 1654 suo
946 1621 962 1666 3
988 1607 1069 1652 sed
1094 1607 1249 1666 potius
1274 1608 1531 1665 perniciosa
1554 1620 1744 1667 voragO,
1765 1621 1881 1655 sem-

246 1699 330 1746 per
351 1685 656 1743 ingurgitanS,
676 1691 722 1730 et
749 1694 989 1740 nunquam
1014 1681 1296 1739 ingurgitata
1317 1681 1585 1728 refundens,
1604 1682 1714 1729 Haec
1738 1682 1880 1740 igitur

247 1771 371 1817 saepe
403 1770 591 1804 mecum
622 1756 901 1813 recogitanS,
933 1767 992 1800 ne
1035 1754 1091 1799 de
1129 1753 1285 1800 infossi
1318 1755 1479 1802 talenti
1511 1755 1645 1815 eulpa
1675 1756 1882 1816 quando-

247 1845 340 1892 que
372 1833 641 1889 redarguar,
671 1830 871 1889 publicae
902 1828 1095 1875 utilitati
1135 1841 1229 1873 non
1271 1829 1409 1879 modo
1453 1834 1734 1886 turgescere,
1767 1830 1880 1888 quin

244 1908 338 1953 imo
370 1905 657 1953 fructificare
690 1895 916 1960 desidem,
950 1908 997 1948 et
1029 1903 1280 1948 intentatas
1310 1903 1368 1949 ab
1402 1902 1501 1957 aliis
1526 1904 1772 1950 ostendere
1797 1916 1878 1951 ve-

244 1980 420 2026 ritates
455 1978 571 2024 Nam
600 1989 741 2036 quem
771 1975 981 2022 fructum
1012 1975 1131 2021 ferat
1162 1975 1254 2032 ille,
1281 1974 1361 2034 qui
1388 1976 1623 2024 theorema
1647 1977 1879 2035 quoddam

245 2054 452 2100 Euclidis
484 2054 657 2099 iterum
697 2050 1076 2099 demonstraret?
1116 2051 1197 2109 qui
1228 2052 1284 2097 ab
1322 2050 1570 2098 Aristotele
1609 2051 1878 2099 felicitatem

245 2133 494 2184 ostensam,
526 2127 827 2173 reostendere
860 2126 1147 2172 conaretur?
1179 2125 1259 2184 qui
1284 2131 1580 2172 senectutem
1603 2139 1629 2172 a
1655 2126 1878 2174 Cicerone

180 2200 182 2202 ’
245 2201 496 2257 defensam,
529 2205 790 2246 resumeret
824 2199 1185 2246 defensandam?
1210 2199 1398 2246 Nullum
1424 2201 1595 2259 quippe
1606 2214 1622 2259 3
1647 2203 1728 2248 sed
1752 2203 1878 2250 fasti.-

247 2273 377 2319 dium
409 2274 564 2332 potius
596 2274 668 2319 illa
696 2272 993 2331 superfluitas
1019 2272 1206 2318 taediosa
1232 2279 1492 2331 praestaret.
1521 2274 1731 2335 Cumque
1755 2277 1879 2325 inter

245 2347 354 2392 alias
384 2347 610 2394 veritates
636 2347 843 2394 occultas
868 2351 915 2391 et
939 2345 1091 2402 utileS,
1119 2345 1384 2404 temporalis
1408 2347 1688 2394 monarchiae
1714 2349 1882 2396 notitiav

246 2419 485 2465 utilissima
517 2419 594 2476 sit,
627 2425 674 2465 et
704 2419 907 2464 maxime
932 2419 1095 2475 latens,
1122 2424 1169 2464 et
1194 2424 1386 2477 propter
1410 2431 1505 2465 non
1528 2431 1578 2465 se
1600 2420 1769 2467 hahere
1795 2423 1873 2468 im-

245 2492 448 2537 mediate
478 2492 536 2536 ad
566 2492 750 2538 lucrum
782 2491 839 2536 ab
870 2490 1084 2536 omnibus
1114 2489 1371 2547 intentata;
1391 2489 1408 2515 ²
1439 2489 1488 2535 in
1523 2492 1757 2550 proposito
1789 2501 1875 2552 est,

243 2565 363 2611 hanc
396 2565 452 2610 de
482 2564 578 2610 suis
609 2564 855 2611 enucleare
885 2563 1111 2609 latibulis:
1146 2568 1248 2608 tum
1279 2568 1333 2609 ut
1364 2563 1542 2610 utiliter
1567 2565 1742 2610 mundo
1772 2579 1876 2624 per-

243 2638 448 2696 vigilem,
483 2645 584 2685 tum
615 2644 662 2685 et
691 2645 746 2685 ut
777 2639 975 2696 palmam
1007 2637 1124 2684 tanti
1156 2637 1307 2684 bravii
1336 2637 1514 2695 primus
1537 2637 1587 2683 in
1610 2650 1763 2685 meam
1787 2640 1876 2698 glo-

282 2738 298 2765 1
325 2739 412 2785 Qui,
449 2738 629 2777 odanco
663 2736 827 2779 aurove,
863 2735 900 2770 la
927 2743 1024 2770 voce
1091 2734 1312 2769 chiamaron
1366 2741 1522 2778 sempre
1567 2734 1792 2779 repubblica
1844 2737 1884 2772 lo

239 2790 452 2836 repubblica
496 2799 569 2825 non
608 2788 734 2824 indica
781 2795 856 2822 una
904 2786 1025 2821 forma
1093 2787 1195 2821 stato
1220 2786 1277 2821 sul
1305 2785 1421 2830 quale
1446 2786 1710 2822 dominat-ono.

235 2841 410 2886 speciale
449 2841 487 2876 di
529 2849 720 2888 govern0‚
759 2848 821 2874 ma
859 2838 895 2874 la
933 2847 1024 2874 cosa
1138 2833 1156 2860 ²
1180 2825 1210 2871 1¹⁴:
1235 2843 1309 2870 una
1341 2836 1454 2871 tirata
1476 2839 1610 2871 contro
1642 2836 1651 2871 i
1682 2836 1884 2882 giurecon-

236 2892 432 2938 pubblica‚
469 2893 504 2928 lo
538 2893 652 2928 stato.
687 2890 814 2926 Infatti
840 2890 1025 2935 gl'impe-
1093 2886 1183 2923 sulti
1210 2895 1231 2922 e
1255 2886 1509 2931 decretalisti,
1547 2886 1610 2923 dei
1634 2887 1740 2933 quali
1774 2887 1882 2934 parla
1926 2931 1930 2935 .

205 2943 355 2989 ,ratori
394 2942 557 2988 romani,
603 2950 626 2978 e
670 2940 721 2976 fin
768 2939 1023 2985 Giustiniano,
1095 2940 1338 2985 aspramente
1364 2939 1401 2974 in
1426 2947 1623 2984 appresso.
