2054 3262
278 117 364 162 194
874 126 1019 163 LIBER
1056 127 1318 166 SECUNDUS.

277 230 392 264 num
433 217 706 276 appellatur.
750 216 866 263 Nam
905 218 1026 264 sicut
1068 219 1302 276 quoddam
1340 220 1533 279 vulgare
1578 227 1648 269 est
1687 221 1916 280 invenire,

281 291 407 348 quod
432 291 675 349 proprium
706 296 775 337 est
809 290 1065 348 Cremonae,
1091 292 1157 338 sic
1183 293 1413 350 quoddam
1439 300 1509 341 est
1533 294 1762 352 invenire,
1793 295 1918 354 quod

279 363 522 421 proprium
557 369 626 409 est
656 363 974 421 Lombardiae3
1008 370 1054 410 et
1084 365 1206 411 sicut
1233 371 1301 411 est
1327 366 1537 413 invenire
1561 367 1759 426 aliquod,
1790 367 1916 426 quod

279 436 337 481 sit
370 436 612 494 proprium
652 436 957 493 Lombardiae,
998 437 1065 483 sic
1103 427 1174 483 est
1214 438 1424 485 invenire
1455 439 1656 497 aliquod,
1696 440 1821 498 quod
1859 439 1917 484 sit

284 511 429 556 totius
450 510 652 556 sinistrae
675 510 814 556 Italiae
839 512 1110 570 proprium,
1136 518 1182 559 et
1203 512 1324 559 sicut
1346 514 1496 559 omnia
1521 514 1622 560 haec
1646 519 1716 559 est
1735 512 1917 560 inveni-

278 596 345 641 re,
367 584 432 630 sic
458 590 504 630 et
530 584 640 630 illud
663 585 787 643 quod
808 585 950 632 totius
966 586 1106 632 Italiae
1125 592 1209 634 est.
1234 587 1293 633 Et
1315 587 1437 634 sicut
1460 588 1571 633 illud
1597 594 1914 642 cremonense,

276 670 331 703 ac
362 657 475 703 illud
505 657 810 715 lombardum,
843 663 889 704 et
922 659 1115 706 tertium
1146 660 1423 706 semilatium
1461 659 1648 716 dicitur,
1679 658 1746 704 sic
1773 657 1917 713 istud,

277 729 403 787 quod
434 729 577 775 totius
601 730 742 775 Italiae
768 736 853 786 est,
879 730 1076 776 latinum
1101 732 1293 788 vulgare
1318 737 1532 778 vocatur.
1566 731 1662 777 Hoc
1693 729 1819 776 enim
1843 730 1915 774 usi

275 806 387 846 sunt
416 801 629 847 doctores
651 802 867 859 illustreS,
892 802 971 860 qui
997 802 1150 859 lingua
1171 803 1351 859 vulgari
1374 802 1547 860 poetati
1570 808 1681 850 sunt
1701 802 1750 848 in
1774 802 1916 860 Italia,

276 881 330 921 ut
367 875 522 931 Siculi,
554 875 709 934 Apuli,
752 876 907 932 Tusci,
952 876 1254 933 Romandioli,
1299 877 1544 922 Lombardi
1585 883 1632 923 et
1669 877 1916 934 utriusque

278 948 493 995 Marchiae
526 949 632 996 viri.
673 949 732 995 Et
773 949 880 1007 quia
919 949 1118 995 intentio
1157 956 1331 1007 nostra,
1362 956 1415 996 ut
1447 951 1636 1008 polliciti
1667 962 1828 996 sumus
1867 950 1917 995 in

277 1022 504 1081 principio
529 1022 666 1080 hujus
692 1023 857 1081 operiS,
881 1028 950 1068 est
973 1023 1230 1069 doctrinam
1256 1024 1312 1069 de
1333 1023 1514 1081 vulgari
1539 1023 1800 1082 eloquentia
1825 1028 1917 1069 tra·

279 1100 390 1145 dere
408 1112 424 1156 3
457 1099 513 1143 ab
545 1099 659 1156 ipSO,
692 1104 915 1155 tanquam
945 1097 1001 1142 ab
1032 1097 1434 1153 excellentissimo,
1467 1096 1756 1155 incipientes,
1800 1107 1917 1154 quos

277 1178 497 1231 putamus
521 1173 617 1231 ipso
643 1172 803 1229 dignos
828 1173 916 1228 uti,
942 1178 988 1218 et
1013 1177 1204 1230 propter
1228 1172 1356 1229 quid,
1379 1176 1425 1216 et
1447 1171 1693 1229 quomode,
1714 1181 1917 1216 necnon

284 1247 377 1304 ubi,
411 1247 614 1305 quando,
647 1252 693 1292 et
725 1247 782 1292 ad
814 1259 930 1305 quos
961 1246 1112 1305 ipsum
1144 1246 1435 1304 dirigendum
1458 1245 1533 1302 sit,
1565 1245 1613 1290 in
1642 1242 1916 1290 immediatis

276 1321 403 1368 libris
434 1319 771 1367 tractabimuS.¹
807 1320 983 1377 Quibus
1013 1320 1297 1377 illuminatis,
1330 1321 1544 1366 inferiora
1575 1319 1783 1377 vulgaria
1813 1319 1914 1364 illu-

275 1397 454 1443 minare
481 1397 763 1453 curabimUS,
790 1396 1015 1454 gradatim
1040 1397 1376 1442 descendentes
1395 1395 1453 1441 ad
1478 1394 1603 1451 illud,
1629 1393 1754 1453 quod
1776 1393 1917 1440 unius

275 1469 414 1515 solius
438 1468 618 1514 familiae
639 1468 882 1526 proprium
906 1473 993 1514 est.

1027 1646 1160 1654 —-

696 1803 958 1865 LIBER
1014 1799 1490 1868 SECUNDUS.

1059 1959 1127 1966 -—--

975 2080 1141 2127 CAPUT
1182 2082 1216 2129 L

274 2217 422 2262 Quibus
451 2217 656 2253 conveniat
684 2215 740 2253 uti
769 2214 892 2265 polito
922 2219 959 2252 et
985 2220 1124 2252 ornato
1161 2213 1329 2266 vulgari,
1355 2221 1393 2254 et
1420 2215 1562 2266 quibus
1590 2227 1665 2254 non
1693 2216 1907 2255 conveniat.

360 2323 675 2370 Pollicitantes
706 2324 878 2371 iterum
916 2325 1203 2371 celeritatem
1232 2326 1404 2384 ingenii
1435 2327 1598 2384 nostri,
1632 2333 1679 2374 et
1709 2327 1767 2373 ad
1799 2327 1914 2373 cala-

271 2407 402 2441 mum
432 2396 553 2453 frugi
584 2397 736 2455 operis
767 2399 1035 2456 redeuntes,
1068 2405 1176 2445 ante
1212 2401 1363 2446 omnia
1405 2400 1683 2447 confitemur
1716 2401 1912 2447 latinum

272 2469 464 2526 vulgare
494 2469 674 2517 illustre
708 2477 802 2517 tam
827 2472 1046 2530 prosaice,
1088 2485 1228 2532 quam
1266 2474 1460 2520 metrice
1501 2474 1667 2520 decere
1695 2472 1906 2532 proferri.

273 2543 361 2589 Sed
386 2543 493 2602 quia
518 2543 670 2603 ipsum
698 2545 1012 2604 prosaicantes
1036 2548 1093 2593 ab
1118 2547 1443 2595 inventoribus
1469 2546 1610 2605 magis
1639 2547 1875 2605 accipiunt
1894 2559 1911 2603 3

310 2671 327 2700 1
364 2672 469 2717 Dice,
505 2672 575 2708 che
611 2681 659 2708 ne
693 2671 861 2708 avi-ebbe
897 2673 1054 2707 trattato
1125 2671 1358 2716 inopen-setta,
1383 2670 1430 2707 ne
1457 2671 1577 2708 Dante
1600 2670 1748 2718 comple
1771 2680 1866 2716 pure
1892 2672 1918 2707 il

261 2723 322 2759 ne'
350 2721 436 2757 libri
479 2722 550 2758 che
591 2729 787 2767 seguono,
830 2721 1055 2765 percioccne
1125 2723 1224 2759 libro
1249 2723 1295 2767 ll,
1322 2722 1461 2768 perche
1484 2724 1718 2768 questonon
1736 2723 1770 2758 si
1787 2725 1915 2759 esten-

261 2782 356 2809 avea
381 2775 581 2819 disegnato
611 2773 648 2808 di
684 2773 864 2808 estender
897 2773 919 2808 l’
936 2782 1052 2817 opera
1123 2774 1170 2809 de
1188 2773 1222 2808 al
1239 2774 1275 2808 di
1290 2773 1323 2809 la
1336 2773 1437 2809 della
1453 2772 1612 2809 materia
1630 2775 1824 2819 spettante
1840 2773 1916 2809 alle

261 2831 283 2857 a
313 2825 468 2867 quattro
499 2822 612 2867 libri3
646 2832 724 2866 ma,
752 2830 863 2858 come
888 2823 1054 2858 avvertii
1127 2824 1302 2866 canzoni,
1319 2826 1466 2861 mentre
1482 2824 1650 2860 avrebbe
1666 2825 1812 2860 dovuto
1827 2826 1918 2860 trat-

255 2873 366 2911 nella
400 2874 693 2920 dissertazione‚
726 2874 753 2911 l’-
767 2882 884 2921 opera
911 2874 1052 2912 rimase
1125 2877 1206 2912 tare
1220 2873 1468 2911 altresldellu
1484 2872 1622 2909 ballata
1639 2873 1917 2911 edelsonetto.
