2054 3262
221 145 307 191 182
847 154 991 191 Lmen
1023 155 1218 193 ramus

217 248 325 307 quis
356 260 518 294 eorum
548 260 705 294 errore
738 249 1004 307 compulsus
1039 249 1272 296 vanitaret
1303 250 1350 296 in
1379 249 1482 307 hoc,
1514 251 1790 298 recordetur
1817 250 1856 296 si

223 335 429 380 unquam
456 323 601 369 dixit:
1333 318 1340 326 ’

587 431 602 446 σι
632 416 701 451 Per
730 414 764 452 ie
793 415 906 465 plage
930 415 976 452 de
1001 416 1072 454 Dio
1104 413 1145 454 tu
1175 428 1249 453 non
1281 421 1444 466 veras31
1476 435 1492 449 ι»

217 510 341 556 inter
367 521 483 567 quos
508 522 657 555 unum
681 511 884 557 vidimus
908 511 1138 558 nitentem
1171 512 1405 559 divertere
1430 526 1455 559 a
1479 519 1708 570 maternO,
1729 518 1776 559 et
1797 512 1854 558 ad

217 582 390 628 curiale
415 582 607 639 vulgare
632 583 892 641 intendere,
925 585 1143 631 videlicet
1168 586 1542 632 Ildebrandinum
1572 587 1850 645 paduanum.

216 657 367 712 Quare
400 656 613 703 omnibus
644 657 886 715 praesentis
918 658 1103 716 capituli
1135 659 1192 704 ad
1218 658 1446 716 judicium
1479 659 1854 718 comparentibus

215 729 514 787 arbitramur,
533 742 621 775 nec
644 731 998 787 romandiolum,
1015 744 1103 776 nec
1128 743 1266 777 suum
1291 733 1569 790 oppositum,
1594 738 1649 778 ut
1675 731 1851 778 dictum

216 811 303 862 est,
329 817 417 851 nec
443 805 746 852 venetianum
771 818 868 851 esse
896 806 1023 862 illud,
1047 818 1138 863 quo
1155 805 1424 864 quaerimuS,
1442 806 1634 863 vulgare
1658 805 1849 851 illustre.

883 1056 1047 1103 CAPUT
1087 1057 1173 1102 XV.

447 1206 550 1244 Facit
579 1219 755 1256 magnam
786 1206 1062 1244 discussionem
1090 1207 1135 1244 de
1165 1207 1347 1244 idiomate
1375 1206 1615 1244 bononiensi.

295 1318 411 1366 Illud
435 1324 594 1364 autem
616 1317 741 1375 quod
767 1317 822 1362 de
848 1317 997 1363 italica
1023 1316 1137 1363 silva
1163 1316 1349 1373 residet,
1381 1314 1674 1374 perconctari
1706 1326 1847 1361 cone-

204 1403 312 1436 mur
339 1391 653 1448 expedientes
674 1390 881 1435 Dicimus
902 1402 1010 1446 ergo
1028 1390 1152 1447 quod
1175 1389 1294 1434 forte
1316 1400 1410 1434 non
1434 1388 1552 1434 male
1577 1387 1844 1446 opinantur,

203 1466 283 1522 qui
315 1464 627 1509 Bononienses
658 1468 873 1508 asserunt
906 1463 1127 1521 pulcriori
1167 1462 1400 1508 locutione
1439 1462 1698 1520 loquentes,
1737 1473 1842 1507 cum

201 1537 258 1582 ab
287 1536 605 1593 Imolensibus,
632 1537 1024 1594 Ferrariensibus,
1057 1542 1104 1583 et
1135 1535 1473 1582 Mutinensibus
1505 1535 1849 1582 circumstanti-

200 1609 289 1654 bus
313 1609 484 1667 aliquid
515 1610 700 1668 proprio
733 1610 913 1667 vulgari
947 1610 1214 1656 adsciscunt
1231 1623 1246 1667 3
1279 1610 1401 1656 sicut
1433 1609 1585 1656 facere
1616 1607 1848 1666 quoslibet

204 1695 230 1728 a
256 1683 465 1729 finitimis
491 1682 586 1729 suis
604 1684 910 1741 convicimus,
929 1690 983 1730 ut
1002 1684 1236 1730 Sordellus
1253 1682 1271 1709 ²
1297 1685 1353 1731 de
1373 1684 1559 1730 Mantua
1585 1694 1667 1729 sua
1698 1687 1849 1727 osten-

204 1757 288 1814 dit,
317 1757 574 1814 Cremonae,
607 1758 797 1815 Brixiae,
826 1764 967 1817 atque
997 1759 1188 1805 Veronae
1223 1757 1422 1805 confini:
1457 1757 1538 1815 qui
1568 1762 1726 1803 tantus
1757 1755 1847 1800 elo-

202 1832 410 1890 quentiae
431 1833 507 1878 vir
529 1832 734 1879 existens
760 1845 853 1878 non
879 1833 1028 1879 solum
1053 1833 1101 1877 in
1126 1833 1373 1891 poetandO,
1398 1833 1480 1879 sed
1505 1830 1846 1890 quomodolibet

200 1904 450 1961 loquendo,
492 1905 695 1962 patrium
726 1905 918 1962 vulgare
952 1907 1170 1952 deseruit.
1210 1906 1458 1964 Accipiunt
1498 1905 1637 1951 etiam
1667 1903 1846 1962 praefati

187 1980 329 2027 ,cives
353 1979 410 2024 ab
435 1979 738 2024 Imolensibus
763 1979 1004 2025 lenitatem
1029 1986 1171 2038 atque
1202 1979 1458 2036 mollitiem,
1489 1992 1514 2024 a
1540 1977 1846 2023 Ferrariensi-

196 2050 283 2095 bus
308 2062 422 2097 vero
454 2057 500 2097 et
526 2052 862 2099 Mutinensibus
888 2052 1134 2112 aliqualem
1159 2053 1497 2110 garrulitatem,
1521 2063 1627 2110 quae
1661 2049 1842 2109 propria

194 2123 564 2170 Lombardorum
585 2130 668 2170 est.
696 2125 824 2171 Hanc
846 2137 906 2172 ex
933 2126 1250 2172 commistione
1268 2126 1557 2173 advenarum
1582 2123 1846 2180 Longobar-

198 2198 361 2244 dorum
386 2199 630 2256 terrigenis
656 2199 888 2245 credimus
906 2201 1180 2246 remansisse
1197 2213 1211 2256 3
1239 2205 1285 2246 et
1310 2199 1411 2245 haec
1428 2203 1498 2244 est
1517 2209 1670 2253 causa,
1698 2206 1841 2254 quare

196 2272 581 2329 Ferrariensium,
614 2273 963 2330 Mutinensium,
997 2274 1074 2321 vel
1105 2271 1626 2331 Regianorum'nullum
1664 2269 1844 2316 inveni-

194 2359 300 2391 mus
321 2352 542 2404 poetasse.
578 2347 692 2392 Nam
723 2348 923 2406 propriae
957 2348 1216 2406 garrulitati
1249 2345 1510 2402 assuefacti,
1551 2343 1678 2390 nullo
1706 2341 1844 2388 modo

196 2425 391 2479 possunt
417 2420 475 2465 ad
515 2419 709 2476 vulgare
739 2421 956 2478 aulicum,
981 2421 1080 2466 sine
1113 2420 1312 2478 quadam
1343 2417 1611 2469 acerbitate,
1643 2414 1839 2468 venire3

195 2491 323 2549 quod
357 2490 505 2536 multo
535 2491 679 2548 magis
708 2491 764 2537 de
795 2492 1123 2538 Parmensibus
1162 2497 1232 2538 est
1271 2491 1547 2549 putandum,
1579 2488 1658 2547 qui
1689 2490 1838 2533 monto

235 2610 251 2637 ¹
279 2612 347 2646 Per
364 2611 393 2646 le
407 2611 513 2656 playa
527 2610 568 2646 de
588 2611 666 2651 Dio,
685 2619 754 2656 per
778 2612 813 2647 le
838 2612 972 2656 piaghe
1099 2611 1116 2638 2
1143 2612 1186 2647 Di
1211 2612 1386 2648 Sordello
1423 2611 1528 2656 paria
1564 2610 1591 2646 il
1629 2610 1746 2646 Poeta
1782 2607 1842 2644 nei

188 2661 226 2697 di
250 2662 319 2696 Dio
353 2661 527 2709 (formula
560 2662 596 2697 di
631 2662 904 2710 giurame‘nto),
938 2668 976 2699 tu
1054 2667 1168 2701 canto
1193 2663 1241 2700 Vl
1263 2663 1327 2701 del
1351 2662 1588 2710 Purgatorio.

187 2721 261 2748 non
285 2723 405 2759 veras,
429 2716 469 2748 tu
494 2722 568 2748 non
594 2714 733 2749 verrai.
