2054 3262
408 151 491 198 388
1011 153 1156 190 Lmen
1185 152 1408 190 TERTmS.

408 252 533 298 facile
564 249 712 298 videri
740 253 921 308 potest:
953 259 1061 305 ergo
1091 247 1297 294 scindere
1330 247 1573 305 imperium
1610 246 1872 308 imperatori
1908 261 2001 296 non

408 325 528 370 licet.
562 324 608 368 Si
637 336 744 380 ergo
775 323 936 380 aliquae
967 321 1206 378 dignitates
1234 333 1316 378 per
1344 319 1691 367 Constantinum
1715 326 1867 368 essent
1896 321 2000 367 alie-

407 402 526 442 natae
561 396 633 453 (ut
665 394 843 452 dicunt)
877 395 930 440 ab
961 392 1166 450 imperio,
1196 397 1242 438 et
1273 392 1512 438 cessissent
1536 391 1584 437 in
1613 397 1883 448 potestatem
1913 392 1998 437 Ec-

410 468 574 524 clesiae,
600 467 734 512 scissa
757 471 874 511 esset
901 465 1054 511 tunica
1078 464 1374 520 inconsutiHs,
1399 476 1535 521 quam
1559 463 1767 510 scindere
1788 463 1885 510 ausi
1906 475 1997 507 non

409 546 514 585 sunt
547 538 624 596 qui
659 538 885 585 Christum
915 549 1079 583 verum
1117 536 1263 581 Deum
1303 535 1457 582 lancea
1495 533 1800 593 perforarunt.
1828 536 1999 581 Prffte-

405 625 498 668 rea,
529 613 647 657 sicut
678 610 878 656 Ecclesia
919 621 1054 655 suum
1094 609 1224 653 hahet
1261 607 1609 653 fundamentum
1646 605 1711 652 sic
1751 605 1887 652 etiam
1917 606 2001 651 im-

398 684 584 740 perium
633 695 784 738 suum,
834 693 938 726 nam
986 679 1203 725 Ecclesiae
1253 678 1603 724 fundamentum
1653 678 1856 725 Christus
1899 685 1966 725 est
1981 693 2000 737 3

405 756 527 800 unde
551 754 790 811 Apostolus
813 753 868 797 ad
895 752 1173 798 Corinthios:
1210 750 1574 796 Fundamentum
1606 750 1736 796 aliud
1767 764 1894 797 nemo
1919 765 1999 809 po-

404 832 479 873 lest
501 840 679 884 ponere,
705 830 875 883 proeter
907 825 955 870 id
977 824 1091 883 quod
1113 825 1304 880 positum
1328 827 1402 876 est,
1426 824 1503 881 qui
1537 825 1598 868 est
1626 823 1828 869 Christus
1858 825 2001 870 Jesu-s.

403 903 502 957 Ipse
525 905 586 945 est
610 904 753 957 petra,
777 912 913 956 super
931 912 1066 958 quam
1089 898 1298 956 edificata
1328 903 1389 944 est
1421 898 1642 943 Ecclesia.
1671 898 1862 955 Imperii
1891 911 1996 943 vero

404 974 756 1032 fundamentum,
769 973 849 1027 jus
878 974 1125 1018 humanum
1154 976 1227 1018 est.
1253 972 1381 1019 Modo
1412 971 1530 1029 dicO,
1551 971 1674 1029 quod
1696 971 1816 1018 sicut
1838 971 1997 1017 Eccle-

403 1047 478 1092 siae
508 1046 805 1092 fundamento
836 1057 918 1090 suo
950 1043 1216 1090 contrariari
1261 1056 1353 1089 non
1391 1043 1515 1099 licet,
1544 1043 1625 1088 sed
1654 1043 1790 1090 debet
1819 1054 2000 1102 semper

406 1119 536 1166 inniti
566 1131 703 1176 super
734 1118 859 1173 illud,
885 1116 1018 1174 juxta
1049 1117 1160 1162 illud
1195 1117 1519 1163 Canticorum:
1556 1117 1663 1171 Quoe
1693 1119 1756 1162 est
1787 1117 1875 1163 isla
1903 1128 2001 1174 qaoe

401 1185 608 1240 ascendii
631 1193 682 1237 de
711 1193 894 1244 deserto,
929 1192 1098 1238 delitiis
1131 1193 1332 1250 affluens,
1370 1193 1541 1237 innioea
1578 1204 1716 1249 super
1753 1191 2000 1238 dilectum?

402 1264 467 1310 sic
499 1270 543 1310 et
583 1264 772 1321 imperio
803 1263 979 1309 licitum
1022 1275 1115 1308 non
1153 1268 1221 1308 est
1257 1267 1417 1308 contra
1449 1261 1523 1319 Jus
1551 1262 1802 1309 humanum
1831 1261 2001 1319 aliquid

399 1337 563 1383 facere.
598 1337 685 1381 Sed
717 1341 875 1381 contra
900 1334 975 1392 jus
1003 1335 1253 1381 humanum
1285 1340 1418 1391 esset,
1459 1335 1497 1380 si
1529 1335 1728 1392 seipsum
1757 1334 1999 1393 imperium

399 1410 686 1455 destrueret:
728 1420 834 1464 ergo
874 1407 1064 1464 imperio
1099 1407 1294 1464 seipsum
1327 1408 1563 1453 destruere
1602 1419 1696 1453 non
1726 1407 1847 1454 licet.
1882 1408 1998 1454 Cum

397 1493 504 1537 ergo
549 1479 758 1525 scindere
797 1479 1039 1536 imperium
1081 1483 1200 1523 esset
1241 1478 1477 1524 destruere
1513 1478 1677 1537 ipsum,
1719 1480 1997 1528 consistente

398 1554 586 1611 imperio
616 1553 664 1597 in
694 1553 870 1599 unitate
914 1552 1187 1598 monarchiae
1230 1551 1502 1598 universalis
1517 1565 1532 1609 3
1578 1553 1867 1599 manifestum
1910 1561 1999 1612 est,

400 1626 520 1684 quod
550 1625 726 1682 imperii
755 1625 1027 1671 auctoritate
1058 1623 1267 1680 fungenti
1307 1623 1516 1670 scindere
1551 1623 1794 1682 imperium
1824 1637 1915 1671 non
1943 1626 1996 1672 li-
2021 1621 2023 1623 ’

399 1703 485 1745 cet.
514 1698 642 1753 Quod
666 1702 820 1743 autem
845 1697 1081 1741 destruere
1106 1695 1349 1752 imperium
1368 1694 1428 1740 sit
1450 1699 1609 1741 contra
1632 1693 1708 1752 jus
1729 1688 1997 1756 humanum,

398 1783 457 1817 ex
486 1770 795 1827 superioribus
836 1775 904 1815 est
943 1768 1247 1826 manifestum.
1281 1768 1514 1814 Praeterea
1555 1767 1701 1813 omnis
1739 1766 1996 1825 jurisdictio

397 1841 521 1899 prior
551 1846 619 1886 est
650 1852 732 1886 suo
760 1840 914 1898 judice
928 1854 943 1898 3
968 1840 1111 1898 judex
1136 1840 1255 1887 enim
1281 1841 1337 1886 ad
1355 1839 1717 1898 jurisdictionem
1741 1841 1996 1899 ordinatur,

396 1918 441 1958 et
471 1925 563 1958 non
594 1924 619 1956 e
645 1924 879 1959 converso,
906 1913 993 1958 Sed
1015 1912 1258 1970 imperium
1282 1917 1350 1957 est
1375 1911 1645 1969 jurisdictio,
1670 1923 1851 1958 omnem
1877 1919 1996 1960 tem-

395 1986 592 2044 poralem
619 1984 981 2041 jurisdictionem
1010 1983 1183 2030 ambitu
1214 1995 1296 2029 suo
1328 1983 1743 2040 comprehendens:
1769 1995 1876 2041 ergo
1898 1985 2011 2042 ipsa>

396 2064 462 2103 est
492 2056 615 2115 prior
639 2068 721 2101 suo
742 2054 910 2112 judice,
937 2054 1014 2112 qui
1039 2059 1107 2100 est
1141 2054 1386 2112 imperator
1400 2067 1415 2110 3
1447 2054 1553 2112 quia
1581 2053 1640 2100 ad
1672 2053 1815 2112 ipsam
1848 2055 1994 2113 impe-

396 2137 517 2179 rator
541 2135 609 2176 cst
636 2130 885 2186 ordinatUS,
912 2135 957 2175 et
981 2141 1073 2176 non
1094 2141 1118 2174 e
1143 2141 1379 2176 converso.
1395 2128 1468 2176 Ex
1492 2141 1584 2187 quo
1605 2135 1746 2187 patet,
1762 2131 1884 2190 quod
1906 2132 1991 2178 im-

398 2210 576 2266 perator
605 2204 747 2262 ipsam
777 2209 1037 2261 permutare
1067 2214 1159 2248 non
1189 2206 1352 2259 potest,
1384 2201 1432 2246 in
1465 2207 1687 2260 quantum
1727 2191 1991 2262 imperator,

394 2289 499 2323 cum
540 2277 594 2323 ab
634 2289 685 2322 ea
723 2275 912 2333 recipiat
953 2287 1049 2320 esse
1095 2274 1217 2331 quod
1246 2278 1328 2318 est.
1361 2272 1489 2318 Modo
1531 2272 1631 2319 dico
1669 2274 1761 2320 sic:
1791 2275 1884 2322 Aut
1914 2275 1988 2323 ille

392 2349 635 2407 imperator
659 2353 772 2405 erat,
799 2360 905 2393 cum
930 2347 1096 2393 dicitur
1119 2346 1334 2393 Ecclesiae
1371 2346 1631 2404 contulisse,
1664 2354 1744 2395 aut
1786 2361 1878 2396 non
1892 2362 1907 2406 ;
1939 2355 1987 2397 et

392 2422 428 2467 si
458 2433 565 2476 non,
590 2421 774 2479 planum
806 2426 872 2466 est
898 2421 1019 2479 quod
1041 2420 1148 2466 nihil
1178 2425 1355 2477 poterat
1381 2419 1436 2465 de
1466 2419 1654 2478 imperio
1685 2420 1905 2468 conferre.
1938 2422 1985 2469 Si

395 2496 471 2551 sic,
493 2507 597 2540 cum
622 2494 721 2540 talis
745 2494 917 2540 collatio
943 2499 1058 2538 esset
1081 2492 1318 2539 minoratio
1336 2491 1675 2550 jurisdictionis,
1688 2493 1735 2538 in
1759 2500 1983 2551 quantum

395 2566 636 2621 imperator
658 2567 743 2613 hoc
762 2565 909 2613 facere
933 2578 1025 2613 non
1048 2570 1240 2624 poterat.
1271 2565 1492 2625 Amplius,
1521 2564 1559 2612 si
1589 2578 1708 2612 unus
1737 2565 1983 2627 imperator
