2054 3262
328 172 413 218 344
921 180 1066 217 LIBER
1097 181 1358 220 SECUNDUS.

327 272 515 328 ramide,
552 285 634 330 per
664 273 913 330 nonaginta
938 287 1082 321 annos
1113 283 1159 323 et
1192 278 1349 335 plures
1376 278 1450 338 (ut
1477 278 1662 327 Orosius
1686 282 1850 345 refert)
1869 285 1952 332 im·-

327 343 507 400 perium
533 346 693 390 mundi
718 347 856 392 armis
882 349 1224 418 tentaveritfet
1248 356 1392 396 totam
1417 352 1572 398 Aeiam
1596 354 1678 400 sibi
1703 357 1956 417 subegerit,

326 429 419 462 non
452 424 607 464 tamen
643 420 947 466 occidentales
988 422 1149 468 mundi
1190 428 1344 480 partes
1383 424 1447 470 eis
1487 438 1694 484 unquam
1732 428 1953 487 subjectae

324 492 532 539 fuerunt.
559 493 736 539 Horum
767 493 1006 539 amborum
1038 493 1230 540 Ovidius
1259 496 1527 541 memoriam
1554 497 1662 544 facit
1693 499 1741 545 in
1768 508 1953 559 quarte,

324 565 402 611 ubi
436 566 545 612 dicit
578 566 625 610 in
657 566 884 624 Pyramo:
918 567 1159 611 Coctilibus
1183 569 1333 611 muris
1357 568 1559 614 cz'noez‘sse
1583 571 1851 619 Semiramis
1874 588 1957 620 ur·
2019 595 2023 600 ·

322 640 449 693 bem;
476 644 522 684 et
540 638 683 684 infra:
717 640 994 685 Conveniam
1011 639 1071 683 ad
1096 639 1222 684 busta
1244 642 1377 696 Nini,
1400 642 1655 702 lateantque
1669 645 1750 690 sub
1769 647 1951 694 umbra.

324 712 582 769 SecundUS,
622 712 815 769 Vesoges
846 724 933 758 rex
969 712 1160 770 AEgypti
1191 712 1248 757 ad
1279 713 1366 758 hoc
1398 714 1612 761 bravium
1646 717 1854 775 spiravit.
1889 720 1949 767 Et

322 786 534 844 quamvis
563 786 804 830 meridiem
834 791 973 842 atque
1006 784 1370 842 septentrionem
1407 784 1454 830 in
1489 786 1590 832 Asia
1624 789 1952 849 exagitaverit,

320 865 373 905 ut
407 859 594 905 Orosius
625 865 868 915 memorat,
901 870 1141 915 nunquam
1167 863 1321 903 tamen
1354 858 1586 906 dimidiam
1617 868 1797 919 partem
1828 864 1955 909 orbis

320 932 551 978 obtinuit:
599 932 805 990 quinimo
846 945 870 977 a
917 931 1097 989 Scythis
1138 932 1194 976 ab
1236 931 1437 989 incoepto
1475 945 1559 978 suo
1601 936 1846 982 temerario
1877 943 1947 984 est
1996 947 1999 949 ·

318 1017 524 1052 aversus,
555 1005 732 1050 Deinde
765 1004 915 1062 Cyrus
942 1004 1189 1049 Persarum
1214 1017 1300 1050 rex
1324 1006 1524 1052 tentavit
1549 1006 1635 1052 hoc
1650 1020 1665 1064 3
1691 1008 1769 1066 qui
1795 1008 1950 1068 Baby-

317 1077 420 1123 lone
447 1079 699 1135 destructa,
725 1078 1011 1136 imperioque
1038 1078 1285 1138 Babylonis
1316 1080 1373 1124 ad
1404 1080 1567 1126 Persas
1592 1081 1826 1138 translato,
1857 1095 1946 1129 nec

317 1152 500 1209 quidem
534 1154 683 1198 adhuc
715 1159 868 1211 partes
899 1153 1206 1199 occidentales
1231 1160 1469 1211 expertuS,
1495 1155 1582 1200 sub
1613 1156 1842 1202 Tomiride
1872 1169 1946 1203 re·
2003 1180 2005 1182 >
2052 1143 2054 1149 ¹

315 1226 418 1282 gina
451 1227 730 1285 Scytharum
759 1228 905 1274 vitam
944 1227 1081 1273 simul
1120 1240 1227 1274 cum
1268 1227 1526 1274 intentione
1566 1229 1790 1287 deposuit.
1831 1220 1948 1276 Postx

313 1299 395 1346 hos
431 1312 545 1346 vero
575 1300 736 1345 Xerses
767 1300 888 1345 Darii
923 1299 1042 1344 filius
1067 1305 1112 1345 et
1139 1312 1226 1345 rex
1257 1300 1305 1344 in
1337 1300 1504 1357 Persis,
1537 1313 1644 1346 cum
1677 1306 1803 1347 tanta
1834 1314 1942 1359 gen-

318 1373 430 1418 tium
469 1372 768 1418 multitudine
807 1374 1037 1418 mundum
1081 1372 1267 1428 invasit,
1311 1385 1419 1418 cum
1459 1378 1587 1418 tanta
1625 1374 1847 1431 potentia,
1887 1380 1945 1422 ut

316 1446 564 1492 transitum
588 1446 744 1502 maria,
771 1446 923 1491 Asiam
949 1447 1005 1491 ab
1036 1445 1218 1502 Europa
1245 1445 1514 1502 dirimentiS,
1544 1446 1669 1492 inter
1700 1447 1862 1493 Seston
1893 1454 1941 1494 et
1999 1503 2001 1505 ¹

311 1517 524 1577 Abydon,
556 1525 697 1576 ponte
732 1519 1035 1576 superaverit.
1066 1518 1205 1575 CuJus
1236 1518 1387 1576 operis
1416 1518 1694 1565 admirabilis
1723 1519 1944 1567 Lucanus

312 1590 358 1635 in
389 1591 594 1636 secundo
630 1591 893 1636 Pharsalia,²
931 1590 1154 1636 meminit.
1201 1589 1331 1636 Canit
1361 1589 1486 1635 enim
1515 1591 1610 1636 sic:
1651 1593 1782 1637 Tales
1809 1595 1938 1650 sama

309 1666 436 1711 canit
451 1663 673 1710 tumidum
696 1666 1042 1721 super'oequora
1066 1665 1254 1708 Xersem
1284 1664 1600 1709 Consti-amisse
1619 1666 1734 1710 vias.
1752 1664 1811 1710 Et
1837 1671 1942 1711 tan·

308 1738 412 1783 dem
444 1735 764 1782 miserabiliter
795 1736 851 1780 ab
882 1734 1084 1792 incoepto
1117 1734 1341 1792 repulsuS‚
1368 1735 1426 1779 ad
1450 1735 1667 1782 bravium
1690 1737 1936 1793 pervenire
2003 1785 2005 1787 ,

307 1822 399 1855 non
431 1811 595 1867 potuit.
629 1811 809 1856 Praeter
839 1809 949 1853 istos
983 1814 1030 1853 et
1061 1813 1177 1866 post,
1203 1807 1466 1854 Alexander
1498 1819 1585 1854 rex
1617 1809 1806 1855 macedo
1839 1821 1940 1856 ma·

306 1883 429 1928 xime
460 1882 665 1928 omnium
697 1882 755 1927 ad
785 1882 982 1939 palmam
1017 1880 1296 1926 monarchiae
1339 1880 1668 1938 propinquanS,
1711 1880 1823 1926 dum
1853 1893 1937 1939 per

305 1957 476 2013 legatos
519 1957 575 2001 ad
606 1956 887 2001 deditionem
918 1955 1145 1999 Romanos
1190 1951 1464 2010 praemone't,
1505 1955 1628 2012 apud
1658 1954 1937 2014 AEgyptum,
2004 2012 2008 2013 ⁷

304 2036 410 2076 ante
441 2031 752 2075 Romanorum
785 2028 1023 2082 rationem,
1054 2034 1108 2073 ut
1138 2027 1298 2074 Livius
1329 2032 1502 2083 narrat,
1534 2028 1583 2073 in
1622 2028 1772 2074 medio
1803 2031 1933 2087 quasi

304 2115 446 2149 cursu
472 2102 694 2160 collapsus
720 2106 803 2146 est.
834 2099 845 2124 ¹
874 2101 939 2145 De
960 2099 1091 2156 cujus
1116 2100 1253 2145 etiam
1276 2099 1514 2157 sepultura
1535 2099 1705 2146 ibidem
1729 2102 1935 2148 existen-¹

305 2183 366 2232 te,
400 2177 616 2223 Lucanus
647 2174 694 2218 in
726 2178 907 2228 octav0,
938 2172 1162 2218 invehens
1191 2172 1239 2216 in
1270 2172 1574 2229 Ptolemaeum
1603 2184 1762 2230 regem
1787 2174 1945 2233 AEgy-

301 2250 383 2308 pti,
416 2247 730 2294 testimonium
760 2245 911 2291 reddit
944 2245 1128 2291 dicens:
1169 2246 1335 2291 Ultima
1370 2247 1544 2303 Laqoeoe
1574 2247 1738 2304 stirpis
1760 2249 1932 2303 pericu-

301 2337 442 2383 raque
458 2323 608 2380 proles
629 2322 847 2378 Deqmer,
874 2320 1052 2365 incestoe
1075 2320 1268 2375 sceptris
1293 2330 1472 2363 cessure
1494 2320 1686 2372 sororis,
1717 2318 1826 2365 Cum
1849 2320 1937 2391 tibi

300 2402 484 2443 sacrato
502 2396 688 2444 Macedo
713 2399 919 2440 servetur
945 2395 996 2439 in
1012 2398 1160 2439 antro.
1181 2393 1217 2439 O
1242 2392 1439 2439 altitudo
1455 2391 1688 2450 sapientiae
1710 2397 1756 2438 et
1780 2394 1930 2440 scien-

302 2472 377 2517 tiae
413 2470 511 2526 Dei,
544 2469 646 2527 quis
675 2468 749 2523 hic
781 2474 826 2513 te
855 2479 949 2512 non
980 2467 1281 2523 obtupescere
1313 2465 1512 2523 poterit?
1541 2467 1655 2513 Nam
1684 2474 1929 2514 conantem

299 2543 611 2590 Alexandrum
643 2540 900 2599 praepedire
931 2540 977 2585 in
1009 2552 1150 2585 cursu
1182 2540 1453 2591 coathletam
1482 2553 1740 2598 romanum,
1775 2549 1842 2601 tu,
1865 2555 1930 2590 ne

299 2629 381 2662 sua
403 2614 636 2660 temeritas
652 2612 859 2671 prodiret
882 2612 1092 2668 ulteriuS,
1120 2612 1175 2657 de
1198 2612 1448 2658 certamine
1474 2614 1678 2670 rapuisti.
1699 2615 1786 2660 Sed
1802 2618 1926 2674 quod

336 2748 352 2775 ¹
377 2748 459 2784 Non
487 2748 506 2784 e
523 2746 583 2785 cio
608 2750 757 2784 narrato
774 2746 821 2783 da
845 2747 929 2783 Tito
954 2746 1079 2790 Livio,
1105 2755 1167 2783 ma
1191 2756 1254 2783 era
1280 2755 1350 2783 una
1379 2747 1586 2786 tradizione
1608 2748 1670 2786 del
1695 2749 1820 2787 medio
1842 2758 1926 2786 evo.
