2054 3262
365 177 448 223 308
992 180 1136 216 LIBER
1165 181 1360 219 prunus,

362 276 587 332 rectione,
622 279 675 320 ut
701 279 826 333 patet
851 286 933 332 per
955 274 1277 333 Philosophum
1303 276 1350 320 in
1375 275 1536 334 quinto
1560 277 1618 322 ad
1640 276 1978 335 Nicomachum,

362 354 539 390 metm»)
567 348 979 394 commendantem.
1012 347 1192 394 Habent
1224 360 1422 406 namque
1447 349 1668 407 nationes,
1693 362 1836 409 regna
1855 358 1902 398 et
1925 353 1980 399 ci-

362 420 545 478 vitateS,
577 422 698 466 inter
729 432 777 466 se
809 420 1128 478 proprietateS,
1161 432 1274 477 quas
1304 421 1479 478 legibus
1511 421 1825 470 differentibus
1850 436 1984 482 regu-

360 495 441 541 lari
474 501 669 553 oportet.
703 496 784 541 Est
810 495 934 540 enim
958 495 1033 540 lex
1057 496 1214 552 regula
1240 495 1464 542 directiva
1494 497 1621 542 vitae.
1644 497 1797 545 Aliter
1813 501 1984 558 quippo
2043 499 2045 501 ’

360 567 560 624 regulari
590 573 772 625 oportet
806 567 1013 625 ScytbaS,
1041 567 1118 623 qui
1146 572 1278 612 extra
1308 568 1556 624 septimum
1588 569 1722 616 clima
1751 571 1983 630 viventeS,

360 647 407 687 et
437 653 649 699 magnam
679 641 858 687 dierum
889 647 934 686 et
966 641 1174 686 noctium
1207 641 1569 698 inaequalitatem
1600 644 1842 702 patientes,
1866 647 1982 693 into-

360 716 530 761 lerabili
561 715 688 774 quasi
720 715 871 772 algore
903 714 1082 771 frigoris
1106 722 1414 773 premuntur:
1448 722 1494 762 et
1519 716 1650 763 aliter
1673 717 1981 777 Garamantes,

361 789 439 847 qui
471 790 556 834 sub
589 787 896 846 aequinoctiali
926 788 1198 844 habitanteS,
1230 792 1276 832 et
1310 794 1597 846 coaequatam
1625 801 1807 848 semper
1829 790 1982 838 lucem

361 862 572 907 diurnam
603 861 752 906 noctis
784 861 987 906 tenebris
1018 862 1251 917 habentes,
1286 862 1341 906 ob
1374 867 1516 907 aestus
1545 862 1664 909 36115
1696 863 1983 910 nimietatem

359 937 625 983 vestimenti
658 935 824 993 operiri
858 948 950 980 11011
981 941 1187 993 possunt.
1224 936 1311 981 Sed
1341 937 1408 981 sic
1437 937 1789 996 intelligendum
1819 946 1905 996 est,
1930 940 1998 986 111Ι

358 1009 611 1055 humanum
636 1020 781 1066 genus
804 1009 1059 1054 secundum
1086 1019 1167 1053 sua
1194 1009 1471 1066 communia,
1498 1022 1603 1067 quae
1631 1011 1844 1058 omnibus
1865 1025 1984 1058 com-

357 1089 543 1141 petunt,
568 1084 708 1128 31160
738 1089 940 1139 regatur,
973 1087 1019 1127 et
1052 1081 1283 1126 communi
1314 1083 1472 1139 regula
1503 1085 1792 1140 gubernetur
1820 1087 1878 1131 ad
1908 1100 1983 1144 pa·-

360 1170 474 1203 cem.
512 1158 658 1213 Quam
690 1157 877 1215 quidem
907 1156 1128 1213 regulam,
1159 1156 1257 1202 sive
1289 1156 1450 1214 legem,
1485 1157 1788 1213 particulares
1816 1160 1983 1222 princi·
2032 1171 2034 1173 ’

358 1243 438 1288 pes
467 1232 523 1276 ab
555 1244 608 1276 eo
638 1231 846 1288 recipere
878 1230 1076 1275 debent:
1113 1235 1330 1288 tanquam
1371 1230 1634 1277 intellectus
1662 1233 1896 1289 practicus
1925 1235 1982 1280 ad

359 1305 702 1349 conclusionem
717 1303 999 1362 operativam
1024 1303 1187 1361 recipit
1212 1302 1430 1360 majorem
1454 1305 1810 1362 propositionem
1833 1307 1891 1352 ab
1914 1307 1982 1352 in-

359 1377 547 1423 tellectu
574 1377 887 1434 speculativo:
921 1382 967 1422 et
992 1377 1078 1422 sub
1103 1376 1174 1421 illa
1201 1375 1541 1434 particularem,
1563 1389 1669 1435 quae
1694 1378 1878 1436 proprie
1897 1392 1982 1426 sua

356 1454 441 1505 est,
467 1449 674 1505 assumit,
693 1454 738 1494 et
759 1448 1102 1505 particulariter
1121 1449 1178 1493 ad
1205 1448 1517 1505 operationem
1543 1449 1792 1496 concludit.
1817 1451 1877 1498 Et
1897 1452 1982 1498 boc

356 1533 449 1566 11011
482 1523 628 1590 solum
659 1522 870 1580 possibile
902 1528 970 1567 est
1001 1522 1099 1578 uni,
1129 1522 1210 1566 sed
1241 1533 1429 1567 necesse
1459 1527 1528 1568 651
1558 1523 1616 1568 ab
1645 1535 1740 1569 uno
1763 1526 1983 1582 procede-

359 1606 424 1651 re,
451 1601 505 1640 ut
537 1596 685 1655 omnis
717 1595 921 1642 confusio
953 1596 1009 1640 de
1040 1595 1277 1652 principiis
1307 1594 1498 1640 utilibus
1527 1595 1779 1643 auferatur.
1809 1597 1906 1645 Hoc
1935 1605 1982 1646 et

359 1667 533 1713 factum
565 1669 704 1714 fuisse
735 1681 817 1726 per
847 1668 1013 1726 ipsum,
1045 1667 1140 1725 ipse
1171 1667 1348 1725 Moyses
1377 1667 1425 1712 in
1455 1667 1553 1724 lege
1592 1669 1842 1716 conscribit
1858 1684 1872 1727 3
1903 1672 1982 1729 qui

355 1742 602 1799 assumptis
634 1742 906 1800 primatibus
938 1742 994 1787 de
1027 1741 1242 1787 tribubus
1272 1740 1470 1787 filiorum
1499 1741 1652 1798 Israel,
1683 1743 1748 1789 eis
1771 1744 1980 1791 inferiora

351 1817 521 1875 judicia
546 1817 818 1874 reliquebat,
844 1813 1080 1872 superiora
1098 1819 1143 1859 et
1163 1813 1479 1859 communiora
1502 1813 1586 1860 sibi
1607 1814 1690 1861 soli
1712 1827 1956 1864 reservans
1964 1831 1980 1875 3

354 1892 522 1950 quibus
548 1888 938 1936 communioribus
963 1888 1216 1933 utebantur
1239 1887 1461 1949 primates
1485 1901 1569 1946 per
1594 1889 1742 1936 tribus
1765 1901 1885 1947 suaS‚
1911 1904 1980 1937 se—

356 1964 562 2010 cundum
593 1963 719 2020 quod
747 1961 828 2007 uni
861 1960 1003 2006 tribui
1034 1960 1338 2017 competebat.
1371 1959 1492 2017 Ergo
1521 1960 1685 2006 melius
1723 1967 1794 2007 est
1824 1962 1981 2009 huma-
2009 2006 2013 2007 ⁷

354 2049 468 2083 num
499 2047 645 2093 genus
676 2046 758 2091 per
788 2044 935 2078 unum
968 2032 1081 2088 regi,
1114 2043 1249 2088 quam
1281 2043 1366 2088 per
1395 2031 1527 2089 plura
1544 2044 1558 2087 ;
1593 2037 1639 2077 et
1669 2032 1736 2079 sic
1770 2046 1854 2091 per
1883 2047 1980 2081 mo-

354 2111 587 2166 narcham,
620 2108 698 2166 qui
730 2107 898 2153 unicus
918 2111 986 2151 est
1012 2106 1249 2163 princeps:
1278 2109 1324 2150 et
1355 2105 1422 2151 sic
1447 2105 1611 2151 melius
1634 2108 1979 2165 acceptabilius

354 2197 445 2242 que
476 2189 545 2229 est
576 2183 685 2238 De0,
719 2192 827 2228 cum
852 2180 977 2226 Deus
1000 2190 1182 2235 semper
1207 2177 1320 2225 velit
1345 2178 1470 2236 quod
1493 2178 1659 2224 melius
1683 2184 1766 2226 est.
1790 2179 1852 2226 Et
1875 2193 1982 2227 cum

355 2258 555 2303 duorum
586 2260 770 2301 tantum
800 2254 922 2298 inter
951 2264 1016 2310 se,
1046 2251 1168 2297 idem
1197 2251 1256 2297 sit
1286 2251 1450 2297 melius
1480 2256 1528 2296 et
1553 2251 1796 2309 optimum,
1821 2265 1981 2299 conse-

354 2341 501 2389 quens
542 2333 626 2385 est,
667 2338 761 2372 non
789 2326 938 2371 solum
969 2325 1065 2370 Deo
1097 2336 1195 2369 esse
1234 2323 1560 2382 acceptabilius
1597 2325 1700 2382 hoc,
1744 2324 1868 2371 inter
1897 2325 1981 2373 hoc

353 2414 503 2448 unum
533 2406 580 2446 et
610 2400 733 2446 inter
763 2398 910 2457 plura,
949 2397 1028 2442 sed
1070 2395 1544 2454 acceptabilissimum.
1587 2396 1718 2442 Unde
1750 2398 1998 2456 sequitur,v

352 2475 607 2520 humanum
638 2484 783 2530 genus
813 2472 984 2530 optime
1009 2482 1057 2515 se
1081 2470 1249 2515 habere
1276 2482 1385 2516 cum
1405 2469 1462 2515 ab
1486 2480 1581 2515 uno
1600 2474 1804 2527 regatur.
1827 2468 1887 2515 Et
1912 2469 1979 2516 sic

354 2549 413 2594 ad
432 2549 550 2593 bene
577 2550 674 2592 6556
696 2545 860 2592 mundi
885 2556 1071 2591 necesse
1097 2549 1165 2589 est
1188 2541 1499 2588 monarchiam
1520 2553 1632 2587 esse.

443 2618 467 2683 g
499 2621 624 2667 XVII.
657 2621 772 2666 Item
803 2618 920 2674 dic0,
952 2617 1077 2676 quod
1107 2629 1190 2663 ens
1219 2621 1266 2662 et
1296 2628 1444 2663 unum
1477 2620 1524 2661 et
1548 2615 1736 2673 bonum,
1758 2615 1981 2672 gradatim
2047 2645 2054 2661 ,-

355 2708 404 2742 56
419 2695 590 2740 habent
613 2693 870 2740 secundum
891 2691 1108 2750 quintum
1130 2689 1320 2735 modum
1351 2687 1546 2735 dicendi.
1582 2686 1718 2733 Prius
1741 2699 1823 2733 ens
1857 2687 1981 2733 enim
2047 2682 2054 2691 ²

356 2776 521 2816 natura
552 2768 768 2828 producit
798 2779 962 2823 unum,
988 2777 1136 2811 unum
1161 2775 1274 2810 vero
1299 2763 1471 2808 bonum
1487 2775 1502 2819 3
1534 2760 1735 2807 maxime
1765 2772 1862 2816 ens,
1889 2772 1980 2805 ma·
2032 2796 2037 2805 2

358 2842 481 2891 xime
508 2847 576 2888 est
602 2852 744 2887 unum
762 2854 778 2898 3
804 2846 850 2887 et
871 2838 1071 2886 maxime
1096 2848 1260 2894 unum,
1285 2835 1485 2883 maxime
1510 2835 1698 2882 bonum.
1721 2832 1781 2880 Et
1805 2838 1980 2893 quanto
2041 2861 2049 2881 ,ι
