<?xml version="1.0" encoding="UTF-8"?>
<!DOCTYPE html PUBLIC "-//W3C//DTD XHTML 1.0 Transitional//EN"
    "http://www.w3.org/TR/xhtml1/DTD/xhtml1-transitional.dtd">
<html xmlns="http://www.w3.org/1999/xhtml" xml:lang="en" lang="en">
 <head>
  <title>
</title>
<meta http-equiv="Content-Type" content="text/html;charset=utf-8" />
  <meta name='ocr-system' content='tesseract 3.04.00' />
  <meta name='ocr-capabilities' content='ocr_page ocr_carea ocr_par ocr_line ocrx_word'/>
</head>
<body>
  <div class='ocr_page' id='page_1' title='image "./opereminori02dantuoft_0402.png"; bbox 0 0 2054 3262; ppageno 0'>
   <div class='ocr_carea' id='block_1_1' title="bbox 302 134 1305 182">
    <p class='ocr_par' dir='ltr' id='par_1_1' title="bbox 302 134 1305 182">
     <span class='ocr_line' id='line_1_1' title="bbox 302 134 1305 182; baseline 0.002 -2"><span class='ocrx_word' id='word_1_1' title='bbox 302 134 387 180; x_wconf 74' lang='lat'>392</span> <span class='ocrx_word' id='word_1_2' title='bbox 913 143 1057 180; x_wconf 71' lang='lat' dir='ltr'>Lmen</span> <span class='ocrx_word' id='word_1_3' title='bbox 1086 142 1305 182; x_wconf 70' lang='lat' dir='ltr'>mamus·</span> 
     </span>
    </p>
   </div>
   <div class='ocr_carea' id='block_1_2' title="bbox 295 234 1988 2859">
    <p class='ocr_par' dir='ltr' id='par_1_2' title="bbox 299 234 1926 585">
     <span class='ocr_line' id='line_1_2' title="bbox 302 234 1922 296; baseline 0.003 -15"><span class='ocrx_word' id='word_1_4' title='bbox 302 235 492 282; x_wconf 85' lang='lat' dir='ltr'>cludere</span> <span class='ocrx_word' id='word_1_5' title='bbox 517 235 695 282; x_wconf 86' lang='lat' dir='ltr'>volunt.</span> <span class='ocrx_word' id='word_1_6' title='bbox 735 234 795 281; x_wconf 94' lang='lat' dir='ltr'>Et</span> <span class='ocrx_word' id='word_1_7' title='bbox 835 235 893 282; x_wconf 92' lang='lat' dir='ltr'>ad</span> <span class='ocrx_word' id='word_1_8' title='bbox 931 235 1016 280; x_wconf 89' lang='lat' dir='ltr'>hoc</span> <span class='ocrx_word' id='word_1_9' title='bbox 1055 234 1364 293; x_wconf 84' lang='lat' dir='ltr'>infrigendum</span> <span class='ocrx_word' id='word_1_10' title='bbox 1404 236 1521 294; x_wconf 90' lang='lat' dir='ltr'>dico,</span> <span class='ocrx_word' id='word_1_11' title='bbox 1552 238 1676 296; x_wconf 87' lang='lat' dir='ltr'>quod</span> <span class='ocrx_word' id='word_1_12' title='bbox 1704 239 1812 286; x_wconf 86' lang='lat' dir='ltr'>nihil</span> <span class='ocrx_word' id='word_1_13' title='bbox 1853 239 1922 286; x_wconf 79' lang='lat' dir='ltr'>di·</span> 
     </span>
     <span class='ocr_line' id='line_1_3' title="bbox 302 306 1925 366; baseline 0.003 -14"><span class='ocrx_word' id='word_1_14' title='bbox 302 312 415 352; x_wconf 92' lang='lat' dir='ltr'>cunt</span> <span class='ocrx_word' id='word_1_15' title='bbox 432 320 447 363; x_wconf 79' lang='lat'>3</span> <span class='ocrx_word' id='word_1_16' title='bbox 479 307 717 364; x_wconf 84' lang='lat' dir='ltr'>usurpatio</span> <span class='ocrx_word' id='word_1_17' title='bbox 749 307 868 354; x_wconf 88' lang='lat' dir='ltr'>enim</span> <span class='ocrx_word' id='word_1_18' title='bbox 896 306 1014 366; x_wconf 80' lang='lat' dir='ltr'>juris</span> <span class='ocrx_word' id='word_1_19' title='bbox 1042 321 1136 355; x_wconf 92' lang='lat' dir='ltr'>non</span> <span class='ocrx_word' id='word_1_20' title='bbox 1166 308 1272 355; x_wconf 87' lang='lat' dir='ltr'>facit</span> <span class='ocrx_word' id='word_1_21' title='bbox 1299 307 1387 366; x_wconf 79' lang='lat' dir='ltr'>jus,</span> <span class='ocrx_word' id='word_1_22' title='bbox 1419 308 1533 355; x_wconf 89' lang='lat' dir='ltr'>Nam</span> <span class='ocrx_word' id='word_1_23' title='bbox 1569 310 1607 355; x_wconf 90' lang='lat' dir='ltr'>si</span> <span class='ocrx_word' id='word_1_24' title='bbox 1646 309 1727 365; x_wconf 90' lang='lat' dir='ltr'>sic,</span> <span class='ocrx_word' id='word_1_25' title='bbox 1758 311 1925 358; x_wconf 86' lang='lat' dir='ltr'>eodem</span> 
     </span>
     <span class='ocr_line' id='line_1_4' title="bbox 299 379 1926 442; baseline 0.004 -17"><span class='ocrx_word' id='word_1_26' title='bbox 299 380 434 425; x_wconf 91' lang='lat' dir='ltr'>modo</span> <span class='ocrx_word' id='word_1_27' title='bbox 460 381 710 427; x_wconf 86' lang='lat' dir='ltr'>auctoritas</span> <span class='ocrx_word' id='word_1_28' title='bbox 726 379 944 427; x_wconf 76' lang='lat' dir='ltr'>Ecclesiae</span> <span class='ocrx_word' id='word_1_29' title='bbox 962 382 1234 439; x_wconf 78' lang='lat' dir='ltr'>probaretur</span> <span class='ocrx_word' id='word_1_30' title='bbox 1259 382 1518 439; x_wconf 78' lang='lat' dir='ltr'>dependere</span> <span class='ocrx_word' id='word_1_31' title='bbox 1539 382 1595 428; x_wconf 86' lang='lat' dir='ltr'>ab</span> <span class='ocrx_word' id='word_1_32' title='bbox 1618 382 1892 441; x_wconf 81' lang='lat' dir='ltr'>imperatore</span> <span class='ocrx_word' id='word_1_33' title='bbox 1904 399 1926 442; x_wconf 79' lang='lat'>·,</span> 
     </span>
     <span class='ocr_line' id='line_1_5' title="bbox 299 453 1926 512; baseline 0.003 -14"><span class='ocrx_word' id='word_1_34' title='bbox 299 459 541 510; x_wconf 82' lang='lat' dir='ltr'>postquam</span> <span class='ocrx_word' id='word_1_35' title='bbox 568 453 705 499; x_wconf 89' lang='lat' dir='ltr'>Ottho</span> <span class='ocrx_word' id='word_1_36' title='bbox 726 453 974 511; x_wconf 88' lang='lat' dir='ltr'>imperator</span> <span class='ocrx_word' id='word_1_37' title='bbox 1008 454 1208 500; x_wconf 89' lang='lat' dir='ltr'>Leonem</span> <span class='ocrx_word' id='word_1_38' title='bbox 1233 466 1396 512; x_wconf 78' lang='lat' dir='ltr'>papam</span> <span class='ocrx_word' id='word_1_39' title='bbox 1429 453 1649 511; x_wconf 80' lang='lat' dir='ltr'>restituit,</span> <span class='ocrx_word' id='word_1_40' title='bbox 1689 459 1736 500; x_wconf 87' lang='lat' dir='ltr'>et</span> <span class='ocrx_word' id='word_1_41' title='bbox 1774 454 1926 503; x_wconf 86' lang='lat' dir='ltr'>Bene-</span> 
     </span>
     <span class='ocr_line' id='line_1_6' title="bbox 301 526 1765 585; baseline 0.002 -14"><span class='ocrx_word' id='word_1_42' title='bbox 301 526 477 572; x_wconf 88' lang='lat' dir='ltr'>dictum</span> <span class='ocrx_word' id='word_1_43' title='bbox 506 527 730 585; x_wconf 87' lang='lat' dir='ltr'>deposuit,</span> <span class='ocrx_word' id='word_1_44' title='bbox 756 539 843 573; x_wconf 82' lang='lat' dir='ltr'>nec</span> <span class='ocrx_word' id='word_1_45' title='bbox 867 540 960 572; x_wconf 92' lang='lat' dir='ltr'>non</span> <span class='ocrx_word' id='word_1_46' title='bbox 984 528 1032 574; x_wconf 89' lang='lat' dir='ltr'>in</span> <span class='ocrx_word' id='word_1_47' title='bbox 1062 528 1251 573; x_wconf 82' lang='lat' dir='ltr'>exilium</span> <span class='ocrx_word' id='word_1_48' title='bbox 1278 529 1324 573; x_wconf 92' lang='lat' dir='ltr'>in</span> <span class='ocrx_word' id='word_1_49' title='bbox 1351 527 1592 573; x_wconf 85' lang='lat' dir='ltr'>Saxoniam</span> <span class='ocrx_word' id='word_1_50' title='bbox 1617 527 1765 574; x_wconf 81' lang='lat' dir='ltr'>duxit.</span> 
     </span>
    </p>

    <p class='ocr_par' dir='ltr' id='par_1_3' title="bbox 295 595 1988 2859">
     <span class='ocr_line' id='line_1_7' title="bbox 387 595 1924 659; baseline 0.001 -15"><span class='ocrx_word' id='word_1_51' title='bbox 387 596 410 659; x_wconf 63' lang='grc' dir='ltr'>ἓ</span> <span class='ocrx_word' id='word_1_52' title='bbox 442 600 511 646; x_wconf 89' lang='grc' dir='ltr'>ΧΙ.</span> <span class='ocrx_word' id='word_1_53' title='bbox 543 600 736 647; x_wconf 85' lang='lat' dir='ltr'>Ratione</span> <span class='ocrx_word' id='word_1_54' title='bbox 768 595 881 649; x_wconf 83' lang='lat' dir='ltr'>vero</span> <span class='ocrx_word' id='word_1_55' title='bbox 912 600 977 647; x_wconf 89' lang='lat' dir='ltr'>sic</span> <span class='ocrx_word' id='word_1_56' title='bbox 1007 607 1224 658; x_wconf 85' lang='lat' dir='ltr'>arguunt.</span> <span class='ocrx_word' id='word_1_57' title='bbox 1254 601 1453 646; x_wconf 90' lang='lat' dir='ltr'>Sumunt</span> <span class='ocrx_word' id='word_1_58' title='bbox 1479 598 1651 644; x_wconf 82' lang='lat' dir='ltr'>etenim</span> <span class='ocrx_word' id='word_1_59' title='bbox 1681 598 1764 645; x_wconf 88' lang='lat' dir='ltr'>sibi</span> <span class='ocrx_word' id='word_1_60' title='bbox 1794 599 1924 657; x_wconf 87' lang='lat' dir='ltr'>prin—</span> 
     </span>
     <span class='ocr_line' id='line_1_8' title="bbox 300 671 1926 731; baseline 0.002 -15"><span class='ocrx_word' id='word_1_61' title='bbox 300 671 472 731; x_wconf 84' lang='lat' dir='ltr'>cipium</span> <span class='ocrx_word' id='word_1_62' title='bbox 515 672 570 717; x_wconf 94' lang='lat' dir='ltr'>de</span> <span class='ocrx_word' id='word_1_63' title='bbox 609 672 787 719; x_wconf 90' lang='lat' dir='ltr'>decimo</span> <span class='ocrx_word' id='word_1_64' title='bbox 824 674 984 731; x_wconf 85' lang='lat' dir='ltr'>primae</span> <span class='ocrx_word' id='word_1_65' title='bbox 1012 673 1325 730; x_wconf 73' lang='lat' dir='ltr'>Philosophiae,</span> <span class='ocrx_word' id='word_1_66' title='bbox 1359 672 1591 718; x_wconf 87' lang='lat' dir='ltr'>dicentes:</span> <span class='ocrx_word' id='word_1_67' title='bbox 1624 671 1786 719; x_wconf 89' lang='lat' dir='ltr'>Omnia</span> <span class='ocrx_word' id='word_1_68' title='bbox 1815 685 1926 730; x_wconf 67' lang='lat' dir='ltr'>quae</span> 
     </span>
     <span class='ocr_line' id='line_1_9' title="bbox 300 745 1921 804; baseline 0 -13"><span class='ocrx_word' id='word_1_69' title='bbox 300 752 409 791; x_wconf 89' lang='lat' dir='ltr'>sunt</span> <span class='ocrx_word' id='word_1_70' title='bbox 435 746 573 792; x_wconf 90' lang='lat' dir='ltr'>unius</span> <span class='ocrx_word' id='word_1_71' title='bbox 608 747 787 804; x_wconf 89' lang='lat' dir='ltr'>generis</span> <span class='ocrx_word' id='word_1_72' title='bbox 817 747 1113 794; x_wconf 72' lang='lat' dir='ltr'>&#39;reducuntur</span> <span class='ocrx_word' id='word_1_73' title='bbox 1155 747 1212 791; x_wconf 90' lang='lat' dir='ltr'>ad</span> <span class='ocrx_word' id='word_1_74' title='bbox 1249 757 1414 801; x_wconf 88' lang='lat' dir='ltr'>unum,</span> <span class='ocrx_word' id='word_1_75' title='bbox 1446 745 1570 802; x_wconf 89' lang='lat' dir='ltr'>quod</span> <span class='ocrx_word' id='word_1_76' title='bbox 1603 750 1674 791; x_wconf 90' lang='lat' dir='ltr'>est</span> <span class='ocrx_word' id='word_1_77' title='bbox 1704 757 1921 792; x_wconf 87' lang='lat' dir='ltr'>mensura</span> 
     </span>
     <span class='ocr_line' id='line_1_10' title="bbox 299 817 1923 877; baseline 0.001 -15"><span class='ocrx_word' id='word_1_78' title='bbox 299 818 519 874; x_wconf 90' lang='lat' dir='ltr'>omnium,</span> <span class='ocrx_word' id='word_1_79' title='bbox 559 831 663 877; x_wconf 88' lang='lat' dir='ltr'>quae</span> <span class='ocrx_word' id='word_1_80' title='bbox 688 820 774 865; x_wconf 84' lang='lat' dir='ltr'>sub</span> <span class='ocrx_word' id='word_1_81' title='bbox 799 819 873 864; x_wconf 90' lang='lat' dir='ltr'>illo</span> <span class='ocrx_word' id='word_1_82' title='bbox 913 831 1080 875; x_wconf 83' lang='lat' dir='ltr'>genere</span> <span class='ocrx_word' id='word_1_83' title='bbox 1106 822 1244 863; x_wconf 91' lang='lat' dir='ltr'>sunt:</span> <span class='ocrx_word' id='word_1_84' title='bbox 1279 817 1357 862; x_wconf 89' lang='lat' dir='ltr'>sed</span> <span class='ocrx_word' id='word_1_85' title='bbox 1383 828 1539 863; x_wconf 87' lang='lat' dir='ltr'>omnes</span> <span class='ocrx_word' id='word_1_86' title='bbox 1573 817 1780 864; x_wconf 88' lang='lat' dir='ltr'>homines</span> <span class='ocrx_word' id='word_1_87' title='bbox 1809 824 1923 864; x_wconf 86' lang='lat' dir='ltr'>sunt</span> 
     </span>
     <span class='ocr_line' id='line_1_11' title="bbox 297 889 1988 950; baseline 0 -15"><span class='ocrx_word' id='word_1_88' title='bbox 297 892 436 936; x_wconf 89' lang='lat' dir='ltr'>unius</span> <span class='ocrx_word' id='word_1_89' title='bbox 461 892 667 948; x_wconf 81' lang='lat' dir='ltr'>generis:</span> <span class='ocrx_word' id='word_1_90' title='bbox 697 904 805 950; x_wconf 89' lang='lat' dir='ltr'>ergo</span> <span class='ocrx_word' id='word_1_91' title='bbox 833 892 1001 937; x_wconf 88' lang='lat' dir='ltr'>debent</span> <span class='ocrx_word' id='word_1_92' title='bbox 1027 889 1185 936; x_wconf 86' lang='lat' dir='ltr'>reduci</span> <span class='ocrx_word' id='word_1_93' title='bbox 1210 890 1267 936; x_wconf 91' lang='lat' dir='ltr'>ad</span> <span class='ocrx_word' id='word_1_94' title='bbox 1292 901 1453 945; x_wconf 90' lang='lat' dir='ltr'>unum,</span> <span class='ocrx_word' id='word_1_95' title='bbox 1472 895 1693 947; x_wconf 80' lang='lat' dir='ltr'>tanquam</span> <span class='ocrx_word' id='word_1_96' title='bbox 1715 891 1773 947; x_wconf 73' lang='lat' dir='ltr'>ad</span> <span class='ocrx_word' id='word_1_97' title='bbox 1790 902 1922 936; x_wconf 89' lang='lat' dir='ltr'>men·</span> <span class='ocrx_word' id='word_1_98' title='bbox 1986 925 1988 927; x_wconf 43' lang='lat'>&gt;</span> 
     </span>
     <span class='ocr_line' id='line_1_12' title="bbox 297 965 1929 1024; baseline 0.002 -14"><span class='ocrx_word' id='word_1_99' title='bbox 297 977 450 1010; x_wconf 87' lang='lat' dir='ltr'>suram</span> <span class='ocrx_word' id='word_1_100' title='bbox 482 966 687 1011; x_wconf 91' lang='lat' dir='ltr'>omnium</span> <span class='ocrx_word' id='word_1_101' title='bbox 713 979 887 1013; x_wconf 88' lang='lat' dir='ltr'>eorum.</span> <span class='ocrx_word' id='word_1_102' title='bbox 916 966 974 1011; x_wconf 90' lang='lat' dir='ltr'>Et</span> <span class='ocrx_word' id='word_1_103' title='bbox 1000 978 1106 1011; x_wconf 90' lang='lat' dir='ltr'>cum</span> <span class='ocrx_word' id='word_1_104' title='bbox 1132 976 1340 1011; x_wconf 89' lang='lat' dir='ltr'>summus</span> <span class='ocrx_word' id='word_1_105' title='bbox 1365 965 1557 1011; x_wconf 87' lang='lat' dir='ltr'>antistes</span> <span class='ocrx_word' id='word_1_106' title='bbox 1593 971 1640 1012; x_wconf 89' lang='lat' dir='ltr'>et</span> <span class='ocrx_word' id='word_1_107' title='bbox 1674 965 1929 1024; x_wconf 83' lang='lat' dir='ltr'>imperator</span> 
     </span>
     <span class='ocr_line' id='line_1_13' title="bbox 298 1040 1919 1099; baseline 0.002 -14"><span class='ocrx_word' id='word_1_108' title='bbox 298 1040 389 1086; x_wconf 91' lang='lat' dir='ltr'>sint</span> <span class='ocrx_word' id='word_1_109' title='bbox 420 1040 640 1096; x_wconf 78' lang='lat' dir='ltr'>homineS,</span> <span class='ocrx_word' id='word_1_110' title='bbox 676 1041 710 1086; x_wconf 92' lang='lat' dir='ltr'>si</span> <span class='ocrx_word' id='word_1_111' title='bbox 740 1041 970 1087; x_wconf 83' lang='lat' dir='ltr'>conclusio</span> <span class='ocrx_word' id='word_1_112' title='bbox 993 1041 1065 1085; x_wconf 88' lang='lat' dir='ltr'>illa</span> <span class='ocrx_word' id='word_1_113' title='bbox 1091 1046 1158 1086; x_wconf 89' lang='lat' dir='ltr'>est</span> <span class='ocrx_word' id='word_1_114' title='bbox 1184 1053 1312 1095; x_wconf 86' lang='lat' dir='ltr'>vera,</span> <span class='ocrx_word' id='word_1_115' title='bbox 1336 1046 1516 1098; x_wconf 89' lang='lat' dir='ltr'>oportet</span> <span class='ocrx_word' id='word_1_116' title='bbox 1542 1040 1667 1099; x_wconf 88' lang='lat' dir='ltr'>quod</span> <span class='ocrx_word' id='word_1_117' title='bbox 1695 1041 1919 1088; x_wconf 88' lang='lat' dir='ltr'>reducan-</span> 
     </span>
     <span class='ocr_line' id='line_1_14' title="bbox 301 1114 1925 1172; baseline 0.001 -12"><span class='ocrx_word' id='word_1_118' title='bbox 301 1120 381 1160; x_wconf 85' lang='lat' dir='ltr'>tur</span> <span class='ocrx_word' id='word_1_119' title='bbox 410 1114 468 1159; x_wconf 86' lang='lat' dir='ltr'>ad</span> <span class='ocrx_word' id='word_1_120' title='bbox 496 1127 643 1160; x_wconf 90' lang='lat' dir='ltr'>unum</span> <span class='ocrx_word' id='word_1_121' title='bbox 672 1115 917 1160; x_wconf 90' lang='lat' dir='ltr'>hominem.</span> <span class='ocrx_word' id='word_1_122' title='bbox 952 1114 1011 1160; x_wconf 92' lang='lat' dir='ltr'>Et</span> <span class='ocrx_word' id='word_1_123' title='bbox 1046 1127 1154 1160; x_wconf 90' lang='lat' dir='ltr'>cum</span> <span class='ocrx_word' id='word_1_124' title='bbox 1185 1126 1298 1172; x_wconf 84' lang='lat' dir='ltr'>papa</span> <span class='ocrx_word' id='word_1_125' title='bbox 1329 1126 1423 1160; x_wconf 92' lang='lat' dir='ltr'>non</span> <span class='ocrx_word' id='word_1_126' title='bbox 1454 1114 1513 1160; x_wconf 92' lang='lat' dir='ltr'>sit</span> <span class='ocrx_word' id='word_1_127' title='bbox 1543 1114 1836 1160; x_wconf 87' lang='lat' dir='ltr'>reducendus</span> <span class='ocrx_word' id='word_1_128' title='bbox 1864 1116 1925 1161; x_wconf 83' lang='lat' dir='ltr'>ad</span> 
     </span>
     <span class='ocr_line' id='line_1_15' title="bbox 297 1187 1943 1247; baseline 0.001 -14"><span class='ocrx_word' id='word_1_129' title='bbox 297 1188 449 1245; x_wconf 89' lang='lat' dir='ltr'>alium,</span> <span class='ocrx_word' id='word_1_130' title='bbox 481 1188 759 1246; x_wconf 87' lang='lat' dir='ltr'>relinquitur</span> <span class='ocrx_word' id='word_1_131' title='bbox 790 1189 913 1247; x_wconf 89' lang='lat' dir='ltr'>quod</span> <span class='ocrx_word' id='word_1_132' title='bbox 952 1189 1200 1246; x_wconf 88' lang='lat' dir='ltr'>imperator</span> <span class='ocrx_word' id='word_1_133' title='bbox 1238 1200 1345 1234; x_wconf 90' lang='lat' dir='ltr'>cum</span> <span class='ocrx_word' id='word_1_134' title='bbox 1376 1188 1591 1233; x_wconf 87' lang='lat' dir='ltr'>omnihus</span> <span class='ocrx_word' id='word_1_135' title='bbox 1632 1187 1729 1245; x_wconf 87' lang='lat' dir='ltr'>aliis</span> <span class='ocrx_word' id='word_1_136' title='bbox 1759 1188 1817 1234; x_wconf 90' lang='lat' dir='ltr'>sit</span> <span class='ocrx_word' id='word_1_137' title='bbox 1847 1200 1943 1235; x_wconf 62' lang='lat' dir='ltr'>re-x</span> 
     </span>
     <span class='ocr_line' id='line_1_16' title="bbox 299 1261 1923 1319; baseline 0 -12"><span class='ocrx_word' id='word_1_138' title='bbox 299 1261 538 1307; x_wconf 87' lang='lat' dir='ltr'>ducendus</span> <span class='ocrx_word' id='word_1_139' title='bbox 580 1262 636 1307; x_wconf 88' lang='lat' dir='ltr'>ad</span> <span class='ocrx_word' id='word_1_140' title='bbox 682 1261 849 1319; x_wconf 88' lang='lat' dir='ltr'>ipsum,</span> <span class='ocrx_word' id='word_1_141' title='bbox 900 1266 1135 1319; x_wconf 89' lang='lat' dir='ltr'>tamquam</span> <span class='ocrx_word' id='word_1_142' title='bbox 1177 1261 1234 1307; x_wconf 88' lang='lat' dir='ltr'>ad</span> <span class='ocrx_word' id='word_1_143' title='bbox 1281 1272 1547 1307; x_wconf 89' lang='lat' dir='ltr'>mensuram</span> <span class='ocrx_word' id='word_1_144' title='bbox 1592 1266 1640 1307; x_wconf 90' lang='lat' dir='ltr'>et</span> <span class='ocrx_word' id='word_1_145' title='bbox 1683 1261 1923 1317; x_wconf 83' lang='lat' dir='ltr'>regulam:</span> 
     </span>
     <span class='ocr_line' id='line_1_17' title="bbox 297 1335 1920 1395; baseline -0.001 -13"><span class='ocrx_word' id='word_1_146' title='bbox 297 1342 487 1395; x_wconf 87' lang='lat' dir='ltr'>propter</span> <span class='ocrx_word' id='word_1_147' title='bbox 517 1336 641 1394; x_wconf 91' lang='lat' dir='ltr'>quod</span> <span class='ocrx_word' id='word_1_148' title='bbox 670 1337 882 1394; x_wconf 89' lang='lat' dir='ltr'>sequitur</span> <span class='ocrx_word' id='word_1_149' title='bbox 913 1336 1050 1382; x_wconf 90' lang='lat' dir='ltr'>etiam</span> <span class='ocrx_word' id='word_1_150' title='bbox 1081 1335 1201 1381; x_wconf 88' lang='lat' dir='ltr'>idem</span> <span class='ocrx_word' id='word_1_151' title='bbox 1234 1337 1357 1394; x_wconf 89' lang='lat' dir='ltr'>quod</span> <span class='ocrx_word' id='word_1_152' title='bbox 1389 1336 1568 1383; x_wconf 82' lang='lat' dir='ltr'>volun-t.</span> <span class='ocrx_word' id='word_1_153' title='bbox 1602 1335 1672 1382; x_wconf 89' lang='lat' dir='ltr'>Ad</span> <span class='ocrx_word' id='word_1_154' title='bbox 1699 1335 1818 1382; x_wconf 88' lang='lat' dir='ltr'>hanc</span> <span class='ocrx_word' id='word_1_155' title='bbox 1847 1347 1920 1381; x_wconf 90' lang='lat' dir='ltr'>ra-</span> 
     </span>
     <span class='ocr_line' id='line_1_18' title="bbox 298 1407 1924 1466; baseline -0.002 -11"><span class='ocrx_word' id='word_1_156' title='bbox 298 1410 471 1455; x_wconf 88' lang='lat' dir='ltr'>tionem</span> <span class='ocrx_word' id='word_1_157' title='bbox 500 1408 780 1465; x_wconf 83' lang='lat' dir='ltr'>solvendam,</span> <span class='ocrx_word' id='word_1_158' title='bbox 814 1407 916 1454; x_wconf 90' lang='lat' dir='ltr'>dico</span> <span class='ocrx_word' id='word_1_159' title='bbox 947 1409 1070 1466; x_wconf 91' lang='lat' dir='ltr'>quod</span> <span class='ocrx_word' id='word_1_160' title='bbox 1095 1421 1200 1454; x_wconf 90' lang='lat' dir='ltr'>cum</span> <span class='ocrx_word' id='word_1_161' title='bbox 1233 1409 1408 1465; x_wconf 87' lang='lat' dir='ltr'>dicunt,</span> <span class='ocrx_word' id='word_1_162' title='bbox 1436 1420 1488 1453; x_wconf 87' lang='lat' dir='ltr'>ea</span> <span class='ocrx_word' id='word_1_163' title='bbox 1519 1420 1626 1465; x_wconf 87' lang='lat' dir='ltr'>quae</span> <span class='ocrx_word' id='word_1_164' title='bbox 1653 1413 1762 1453; x_wconf 89' lang='lat' dir='ltr'>sunt</span> <span class='ocrx_word' id='word_1_165' title='bbox 1784 1407 1924 1453; x_wconf 84' lang='lat' dir='ltr'>unius</span> 
     </span>
     <span class='ocr_line' id='line_1_19' title="bbox 297 1478 1923 1538; baseline -0.001 -13"><span class='ocrx_word' id='word_1_166' title='bbox 297 1480 478 1537; x_wconf 89' lang='lat' dir='ltr'>generis</span> <span class='ocrx_word' id='word_1_167' title='bbox 501 1484 683 1538; x_wconf 90' lang='lat' dir='ltr'>oportet</span> <span class='ocrx_word' id='word_1_168' title='bbox 706 1479 813 1524; x_wconf 89' lang='lat' dir='ltr'>duci</span> <span class='ocrx_word' id='word_1_169' title='bbox 834 1478 890 1525; x_wconf 90' lang='lat' dir='ltr'>ad</span> <span class='ocrx_word' id='word_1_170' title='bbox 915 1478 1099 1536; x_wconf 86' lang='lat' dir='ltr'>aliquod</span> <span class='ocrx_word' id='word_1_171' title='bbox 1125 1491 1272 1525; x_wconf 90' lang='lat' dir='ltr'>unum</span> <span class='ocrx_word' id='word_1_172' title='bbox 1298 1480 1353 1524; x_wconf 91' lang='lat' dir='ltr'>de</span> <span class='ocrx_word' id='word_1_173' title='bbox 1380 1480 1455 1524; x_wconf 91' lang='lat' dir='ltr'>illo</span> <span class='ocrx_word' id='word_1_174' title='bbox 1488 1491 1671 1537; x_wconf 82' lang='lat' dir='ltr'>genere,</span> <span class='ocrx_word' id='word_1_175' title='bbox 1698 1479 1820 1538; x_wconf 91' lang='lat' dir='ltr'>quod</span> <span class='ocrx_word' id='word_1_176' title='bbox 1852 1485 1923 1525; x_wconf 86' lang='lat' dir='ltr'>est</span> 
     </span>
     <span class='ocr_line' id='line_1_20' title="bbox 295 1552 1927 1610; baseline 0 -12"><span class='ocrx_word' id='word_1_177' title='bbox 295 1559 498 1599; x_wconf 90' lang='lat' dir='ltr'>metrum</span> <span class='ocrx_word' id='word_1_178' title='bbox 523 1553 570 1599; x_wconf 91' lang='lat' dir='ltr'>in</span> <span class='ocrx_word' id='word_1_179' title='bbox 593 1552 705 1610; x_wconf 80' lang='lat' dir='ltr'>ipSO‚</span> <span class='ocrx_word' id='word_1_180' title='bbox 732 1564 902 1598; x_wconf 85' lang='lat' dir='ltr'>verum</span> <span class='ocrx_word' id='word_1_181' title='bbox 927 1553 1102 1598; x_wconf 86' lang='lat' dir='ltr'>dicunt.</span> <span class='ocrx_word' id='word_1_182' title='bbox 1132 1552 1190 1598; x_wconf 88' lang='lat' dir='ltr'>Et</span> <span class='ocrx_word' id='word_1_183' title='bbox 1216 1552 1426 1599; x_wconf 88' lang='lat' dir='ltr'>similiter</span> <span class='ocrx_word' id='word_1_184' title='bbox 1451 1564 1619 1600; x_wconf 84' lang='lat' dir='ltr'>verum</span> <span class='ocrx_word' id='word_1_185' title='bbox 1651 1553 1829 1608; x_wconf 90' lang='lat' dir='ltr'>dicunt,</span> <span class='ocrx_word' id='word_1_186' title='bbox 1855 1553 1927 1598; x_wconf 86' lang='lat' dir='ltr'>di-</span> 
     </span>
     <span class='ocr_line' id='line_1_21' title="bbox 299 1624 1924 1682; baseline 0.001 -12"><span class='ocrx_word' id='word_1_187' title='bbox 299 1631 457 1671; x_wconf 90' lang='lat' dir='ltr'>centes</span> <span class='ocrx_word' id='word_1_188' title='bbox 482 1625 605 1682; x_wconf 87' lang='lat' dir='ltr'>quod</span> <span class='ocrx_word' id='word_1_189' title='bbox 642 1636 799 1670; x_wconf 88' lang='lat' dir='ltr'>omnes</span> <span class='ocrx_word' id='word_1_190' title='bbox 834 1624 1040 1671; x_wconf 89' lang='lat' dir='ltr'>homines</span> <span class='ocrx_word' id='word_1_191' title='bbox 1080 1629 1190 1669; x_wconf 90' lang='lat' dir='ltr'>sunt</span> <span class='ocrx_word' id='word_1_192' title='bbox 1231 1624 1367 1670; x_wconf 90' lang='lat' dir='ltr'>unius</span> <span class='ocrx_word' id='word_1_193' title='bbox 1393 1625 1587 1682; x_wconf 88' lang='lat' dir='ltr'>generis.</span> <span class='ocrx_word' id='word_1_194' title='bbox 1616 1624 1674 1671; x_wconf 92' lang='lat' dir='ltr'>Et</span> <span class='ocrx_word' id='word_1_195' title='bbox 1712 1625 1924 1680; x_wconf 87' lang='lat' dir='ltr'>similiter</span> 
     </span>
     <span class='ocr_line' id='line_1_22' title="bbox 297 1696 1928 1754; baseline -0.002 -8"><span class='ocrx_word' id='word_1_196' title='bbox 297 1710 465 1746; x_wconf 84' lang='lat' dir='ltr'>verum</span> <span class='ocrx_word' id='word_1_197' title='bbox 495 1697 793 1751; x_wconf 88' lang='lat' dir='ltr'>concludunt,</span> <span class='ocrx_word' id='word_1_198' title='bbox 822 1709 930 1743; x_wconf 91' lang='lat' dir='ltr'>cum</span> <span class='ocrx_word' id='word_1_199' title='bbox 955 1696 1162 1743; x_wconf 86' lang='lat' dir='ltr'>inferunt</span> <span class='ocrx_word' id='word_1_200' title='bbox 1196 1709 1255 1743; x_wconf 85' lang='lat' dir='ltr'>ex</span> <span class='ocrx_word' id='word_1_201' title='bbox 1293 1696 1375 1754; x_wconf 78' lang='lat' dir='ltr'>hiS,</span> <span class='ocrx_word' id='word_1_202' title='bbox 1408 1710 1566 1743; x_wconf 89' lang='lat' dir='ltr'>omnes</span> <span class='ocrx_word' id='word_1_203' title='bbox 1580 1696 1796 1743; x_wconf 78' lang='lat' dir='ltr'>&#39;homines</span> <span class='ocrx_word' id='word_1_204' title='bbox 1825 1710 1928 1743; x_wconf 86' lang='lat' dir='ltr'>esse</span> 
     </span>
     <span class='ocr_line' id='line_1_23' title="bbox 296 1771 1926 1828; baseline -0.002 -9"><span class='ocrx_word' id='word_1_205' title='bbox 296 1772 584 1819; x_wconf 88' lang='lat' dir='ltr'>reducendos</span> <span class='ocrx_word' id='word_1_206' title='bbox 608 1772 665 1817; x_wconf 90' lang='lat' dir='ltr'>ad</span> <span class='ocrx_word' id='word_1_207' title='bbox 689 1783 837 1818; x_wconf 91' lang='lat' dir='ltr'>unum</span> <span class='ocrx_word' id='word_1_208' title='bbox 871 1775 1074 1817; x_wconf 90' lang='lat' dir='ltr'>metrum</span> <span class='ocrx_word' id='word_1_209' title='bbox 1102 1771 1149 1816; x_wconf 87' lang='lat' dir='ltr'>in</span> <span class='ocrx_word' id='word_1_210' title='bbox 1175 1783 1258 1816; x_wconf 90' lang='lat' dir='ltr'>suo</span> <span class='ocrx_word' id='word_1_211' title='bbox 1293 1783 1476 1828; x_wconf 81' lang='lat' dir='ltr'>genere.</span> <span class='ocrx_word' id='word_1_212' title='bbox 1503 1771 1590 1818; x_wconf 89' lang='lat' dir='ltr'>Sed</span> <span class='ocrx_word' id='word_1_213' title='bbox 1616 1783 1723 1817; x_wconf 88' lang='lat' dir='ltr'>cum</span> <span class='ocrx_word' id='word_1_214' title='bbox 1749 1785 1808 1818; x_wconf 83' lang='lat' dir='ltr'>ex</span> <span class='ocrx_word' id='word_1_215' title='bbox 1837 1772 1926 1817; x_wconf 78' lang='lat' dir='ltr'>hac</span> 
     </span>
     <span class='ocr_line' id='line_1_24' title="bbox 299 1845 1925 1904; baseline -0.001 -12"><span class='ocrx_word' id='word_1_216' title='bbox 299 1846 592 1892; x_wconf 90' lang='lat' dir='ltr'>conclusione</span> <span class='ocrx_word' id='word_1_217' title='bbox 622 1845 917 1891; x_wconf 86' lang='lat' dir='ltr'>subinferunt</span> <span class='ocrx_word' id='word_1_218' title='bbox 948 1845 1002 1890; x_wconf 90' lang='lat' dir='ltr'>de</span> <span class='ocrx_word' id='word_1_219' title='bbox 1028 1858 1141 1904; x_wconf 85' lang='lat' dir='ltr'>papa</span> <span class='ocrx_word' id='word_1_220' title='bbox 1174 1851 1220 1890; x_wconf 91' lang='lat' dir='ltr'>et</span> <span class='ocrx_word' id='word_1_221' title='bbox 1261 1845 1556 1903; x_wconf 84' lang='lat' dir='ltr'>imperatore,</span> <span class='ocrx_word' id='word_1_222' title='bbox 1597 1845 1819 1892; x_wconf 85' lang='lat' dir='ltr'>falluntur</span> <span class='ocrx_word' id='word_1_223' title='bbox 1849 1859 1925 1891; x_wconf 80' lang='lat' dir='ltr'>se·</span> 
     </span>
     <span class='ocr_line' id='line_1_25' title="bbox 300 1916 1920 1976; baseline -0.002 -10"><span class='ocrx_word' id='word_1_224' title='bbox 300 1920 504 1966; x_wconf 89' lang='lat' dir='ltr'>cundum</span> <span class='ocrx_word' id='word_1_225' title='bbox 530 1919 756 1965; x_wconf 66' lang='lat' dir='ltr'>accidens</span> <span class='ocrx_word' id='word_1_226' title='bbox 789 1918 859 1963; x_wconf 90' lang='lat' dir='ltr'>Ad</span> <span class='ocrx_word' id='word_1_227' title='bbox 890 1917 1021 1976; x_wconf 88' lang='lat' dir='ltr'>cujus</span> <span class='ocrx_word' id='word_1_228' title='bbox 1053 1918 1329 1965; x_wconf 86' lang='lat' dir='ltr'>evidentiam</span> <span class='ocrx_word' id='word_1_229' title='bbox 1361 1918 1616 1974; x_wconf 88' lang='lat' dir='ltr'>sciendum,</span> <span class='ocrx_word' id='word_1_230' title='bbox 1638 1919 1761 1976; x_wconf 91' lang='lat' dir='ltr'>quod</span> <span class='ocrx_word' id='word_1_231' title='bbox 1796 1916 1920 1965; x_wconf 87' lang='lat' dir='ltr'>aliud</span> 
     </span>
     <span class='ocr_line' id='line_1_26' title="bbox 297 1989 1924 2047; baseline -0.001 -9"><span class='ocrx_word' id='word_1_232' title='bbox 297 1998 366 2038; x_wconf 93' lang='lat' dir='ltr'>est</span> <span class='ocrx_word' id='word_1_233' title='bbox 403 2004 500 2037; x_wconf 88' lang='lat' dir='ltr'>esse</span> <span class='ocrx_word' id='word_1_234' title='bbox 523 1992 771 2047; x_wconf 90' lang='lat' dir='ltr'>hominem,</span> <span class='ocrx_word' id='word_1_235' title='bbox 802 1996 847 2035; x_wconf 89' lang='lat' dir='ltr'>et</span> <span class='ocrx_word' id='word_1_236' title='bbox 874 1990 997 2035; x_wconf 91' lang='lat' dir='ltr'>aliud</span> <span class='ocrx_word' id='word_1_237' title='bbox 1022 1995 1090 2035; x_wconf 90' lang='lat' dir='ltr'>est</span> <span class='ocrx_word' id='word_1_238' title='bbox 1117 2003 1214 2035; x_wconf 90' lang='lat' dir='ltr'>esse</span> <span class='ocrx_word' id='word_1_239' title='bbox 1256 2002 1431 2047; x_wconf 84' lang='lat' dir='ltr'>papam.</span> <span class='ocrx_word' id='word_1_240' title='bbox 1470 1989 1528 2036; x_wconf 92' lang='lat' dir='ltr'>Et</span> <span class='ocrx_word' id='word_1_241' title='bbox 1571 1991 1732 2038; x_wconf 88' lang='lat' dir='ltr'>eodem</span> <span class='ocrx_word' id='word_1_242' title='bbox 1767 1991 1924 2047; x_wconf 82' lang='lat' dir='ltr'>modu,</span> 
     </span>
     <span class='ocr_line' id='line_1_27' title="bbox 298 2062 1917 2120; baseline -0.001 -10"><span class='ocrx_word' id='word_1_243' title='bbox 298 2064 421 2110; x_wconf 90' lang='lat' dir='ltr'>aliud</span> <span class='ocrx_word' id='word_1_244' title='bbox 451 2069 520 2109; x_wconf 84' lang='lat' dir='ltr'>est</span> <span class='ocrx_word' id='word_1_245' title='bbox 554 2075 650 2108; x_wconf 87' lang='lat' dir='ltr'>esse</span> <span class='ocrx_word' id='word_1_246' title='bbox 677 2062 923 2119; x_wconf 89' lang='lat' dir='ltr'>hominem,</span> <span class='ocrx_word' id='word_1_247' title='bbox 953 2062 1076 2108; x_wconf 88' lang='lat' dir='ltr'>aliud</span> <span class='ocrx_word' id='word_1_248' title='bbox 1109 2074 1206 2108; x_wconf 84' lang='lat' dir='ltr'>esse</span> <span class='ocrx_word' id='word_1_249' title='bbox 1237 2062 1562 2120; x_wconf 87' lang='lat' dir='ltr'>imperatorem</span> <span class='ocrx_word' id='word_1_250' title='bbox 1577 2076 1593 2120; x_wconf 78' lang='lat'><em>3</em></span> <span class='ocrx_word' id='word_1_251' title='bbox 1634 2062 1756 2110; x_wconf 90' lang='lat' dir='ltr'>sicut</span> <span class='ocrx_word' id='word_1_252' title='bbox 1795 2063 1917 2109; x_wconf 88' lang='lat' dir='ltr'>aliud</span> 
     </span>
     <span class='ocr_line' id='line_1_28' title="bbox 299 2125 1920 2196; baseline -0.002 -10"><span class='ocrx_word' id='word_1_253' title='bbox 299 2153 396 2186; x_wconf 88' lang='lat' dir='ltr'>esse</span> <span class='ocrx_word' id='word_1_254' title='bbox 425 2139 672 2193; x_wconf 87' lang='lat' dir='ltr'>hominem,</span> <span class='ocrx_word' id='word_1_255' title='bbox 698 2137 822 2182; x_wconf 88' lang='lat' dir='ltr'>aliud</span> <span class='ocrx_word' id='word_1_256' title='bbox 848 2125 944 2183; x_wconf 87' lang='lat' dir='ltr'>esse</span> <span class='ocrx_word' id='word_1_257' title='bbox 969 2143 1148 2196; x_wconf 89' lang='lat' dir='ltr'>patrem</span> <span class='ocrx_word' id='word_1_258' title='bbox 1173 2143 1218 2183; x_wconf 91' lang='lat' dir='ltr'>et</span> <span class='ocrx_word' id='word_1_259' title='bbox 1241 2137 1492 2185; x_wconf 88' lang='lat' dir='ltr'>dominum.</span> <span class='ocrx_word' id='word_1_260' title='bbox 1518 2138 1662 2185; x_wconf 90' lang='lat' dir='ltr'>Homo</span> <span class='ocrx_word' id='word_1_261' title='bbox 1696 2137 1816 2183; x_wconf 89' lang='lat' dir='ltr'>enim</span> <span class='ocrx_word' id='word_1_262' title='bbox 1849 2144 1920 2183; x_wconf 89' lang='lat' dir='ltr'>est</span> 
     </span>
     <span class='ocr_line' id='line_1_29' title="bbox 296 2209 1923 2274; baseline -0.002 -16"><span class='ocrx_word' id='word_1_263' title='bbox 296 2214 344 2259; x_wconf 92' lang='lat' dir='ltr'>id</span> <span class='ocrx_word' id='word_1_264' title='bbox 365 2213 489 2271; x_wconf 88' lang='lat' dir='ltr'>quod</span> <span class='ocrx_word' id='word_1_265' title='bbox 513 2219 582 2258; x_wconf 88' lang='lat' dir='ltr'>est</span> <span class='ocrx_word' id='word_1_266' title='bbox 607 2223 692 2269; x_wconf 89' lang='lat' dir='ltr'>per</span> <span class='ocrx_word' id='word_1_267' title='bbox 715 2211 907 2274; x_wconf 86' lang='lat' dir='ltr'>formam</span> <span class='ocrx_word' id='word_1_268' title='bbox 931 2209 1294 2267; x_wconf 80' lang='lat' dir='ltr'>substantialem,</span> <span class='ocrx_word' id='word_1_269' title='bbox 1320 2221 1403 2267; x_wconf 90' lang='lat' dir='ltr'>per</span> <span class='ocrx_word' id='word_1_270' title='bbox 1434 2222 1573 2268; x_wconf 88' lang='lat' dir='ltr'>quam</span> <span class='ocrx_word' id='word_1_271' title='bbox 1594 2209 1787 2256; x_wconf 88' lang='lat' dir='ltr'>sortitur</span> <span class='ocrx_word' id='word_1_272' title='bbox 1817 2221 1923 2267; x_wconf 86' lang='lat' dir='ltr'>spe-</span> 
     </span>
     <span class='ocr_line' id='line_1_30' title="bbox 297 2283 1926 2343; baseline -0.002 -10"><span class='ocrx_word' id='word_1_273' title='bbox 297 2286 414 2334; x_wconf 88' lang='lat' dir='ltr'>ciem</span> <span class='ocrx_word' id='word_1_274' title='bbox 439 2291 485 2332; x_wconf 93' lang='lat' dir='ltr'>et</span> <span class='ocrx_word' id='word_1_275' title='bbox 511 2298 669 2342; x_wconf 78' lang='lat' dir='ltr'>genUS,</span> <span class='ocrx_word' id='word_1_276' title='bbox 696 2291 742 2331; x_wconf 92' lang='lat' dir='ltr'>et</span> <span class='ocrx_word' id='word_1_277' title='bbox 767 2297 850 2343; x_wconf 90' lang='lat' dir='ltr'>per</span> <span class='ocrx_word' id='word_1_278' title='bbox 883 2297 1021 2343; x_wconf 91' lang='lat' dir='ltr'>quam</span> <span class='ocrx_word' id='word_1_279' title='bbox 1055 2284 1297 2342; x_wconf 89' lang='lat' dir='ltr'>reponitur</span> <span class='ocrx_word' id='word_1_280' title='bbox 1318 2284 1404 2329; x_wconf 89' lang='lat' dir='ltr'>sub</span> <span class='ocrx_word' id='word_1_281' title='bbox 1429 2283 1785 2342; x_wconf 83' lang='lat' dir='ltr'>praedicamento</span> <span class='ocrx_word' id='word_1_282' title='bbox 1815 2284 1926 2331; x_wconf 85' lang='lat' dir='ltr'>sub-</span> 
     </span>
     <span class='ocr_line' id='line_1_31' title="bbox 297 2356 1917 2415; baseline -0.002 -10"><span class='ocrx_word' id='word_1_283' title='bbox 297 2359 494 2406; x_wconf 89' lang='lat' dir='ltr'>stantiae.</span> <span class='ocrx_word' id='word_1_284' title='bbox 518 2360 651 2404; x_wconf 87' lang='lat' dir='ltr'>Pater</span> <span class='ocrx_word' id='word_1_285' title='bbox 675 2371 788 2404; x_wconf 88' lang='lat' dir='ltr'>vero</span> <span class='ocrx_word' id='word_1_286' title='bbox 815 2363 884 2404; x_wconf 92' lang='lat' dir='ltr'>est</span> <span class='ocrx_word' id='word_1_287' title='bbox 908 2359 971 2415; x_wconf 88' lang='lat' dir='ltr'>id,</span> <span class='ocrx_word' id='word_1_288' title='bbox 998 2358 1121 2415; x_wconf 87' lang='lat' dir='ltr'>quod</span> <span class='ocrx_word' id='word_1_289' title='bbox 1143 2362 1212 2403; x_wconf 89' lang='lat' dir='ltr'>est</span> <span class='ocrx_word' id='word_1_290' title='bbox 1237 2369 1319 2414; x_wconf 89' lang='lat' dir='ltr'>per</span> <span class='ocrx_word' id='word_1_291' title='bbox 1348 2356 1542 2402; x_wconf 85' lang='lat' dir='ltr'>formam</span> <span class='ocrx_word' id='word_1_292' title='bbox 1570 2356 1917 2412; x_wconf 89' lang='lat' dir='ltr'>accidentalem,</span> 
     </span>
     <span class='ocr_line' id='line_1_32' title="bbox 298 2432 1926 2494; baseline -0.003 -13"><span class='ocrx_word' id='word_1_293' title='bbox 298 2448 403 2494; x_wconf 73' lang='lat' dir='ltr'>quae</span> <span class='ocrx_word' id='word_1_294' title='bbox 440 2440 508 2481; x_wconf 91' lang='lat' dir='ltr'>est</span> <span class='ocrx_word' id='word_1_295' title='bbox 552 2434 729 2492; x_wconf 88' lang='lat' dir='ltr'>relati0,</span> <span class='ocrx_word' id='word_1_296' title='bbox 761 2447 845 2492; x_wconf 90' lang='lat' dir='ltr'>per</span> <span class='ocrx_word' id='word_1_297' title='bbox 876 2446 1013 2493; x_wconf 89' lang='lat' dir='ltr'>quam</span> <span class='ocrx_word' id='word_1_298' title='bbox 1050 2433 1243 2480; x_wconf 90' lang='lat' dir='ltr'>sortitur</span> <span class='ocrx_word' id='word_1_299' title='bbox 1272 2433 1473 2491; x_wconf 87' lang='lat' dir='ltr'>speciem</span> <span class='ocrx_word' id='word_1_300' title='bbox 1505 2432 1731 2491; x_wconf 88' lang='lat' dir='ltr'>quandam</span> <span class='ocrx_word' id='word_1_301' title='bbox 1767 2438 1812 2477; x_wconf 90' lang='lat' dir='ltr'>et</span> <span class='ocrx_word' id='word_1_302' title='bbox 1844 2443 1926 2489; x_wconf 82' lang='lat' dir='ltr'>gc-</span> 
     </span>
     <span class='ocr_line' id='line_1_33' title="bbox 296 2505 1924 2564; baseline -0.001 -11"><span class='ocrx_word' id='word_1_303' title='bbox 296 2520 385 2554; x_wconf 88' lang='lat' dir='ltr'>nus</span> <span class='ocrx_word' id='word_1_304' title='bbox 424 2513 470 2553; x_wconf 91' lang='lat' dir='ltr'>et</span> <span class='ocrx_word' id='word_1_305' title='bbox 509 2506 750 2564; x_wconf 90' lang='lat' dir='ltr'>reponitur</span> <span class='ocrx_word' id='word_1_306' title='bbox 780 2507 866 2552; x_wconf 80' lang='lat' dir='ltr'>sub</span> <span class='ocrx_word' id='word_1_307' title='bbox 898 2517 1066 2563; x_wconf 85' lang='lat' dir='ltr'>genere</span> <span class='ocrx_word' id='word_1_308' title='bbox 1100 2506 1156 2551; x_wconf 88' lang='lat' dir='ltr'>ad</span> <span class='ocrx_word' id='word_1_309' title='bbox 1197 2506 1333 2562; x_wconf 89' lang='lat' dir='ltr'>aliud,</span> <span class='ocrx_word' id='word_1_310' title='bbox 1373 2505 1471 2552; x_wconf 86' lang='lat' dir='ltr'>sive</span> <span class='ocrx_word' id='word_1_311' title='bbox 1496 2505 1740 2551; x_wconf 84' lang='lat' dir='ltr'>relationis,</span> <span class='ocrx_word' id='word_1_312' title='bbox 1773 2505 1924 2551; x_wconf 85' lang='lat' dir='ltr'>Aliter</span> 
     </span>
     <span class='ocr_line' id='line_1_34' title="bbox 299 2577 1919 2641; baseline -0.002 -14"><span class='ocrx_word' id='word_1_313' title='bbox 299 2581 447 2628; x_wconf 86' lang='lat' dir='ltr'>omnia</span> <span class='ocrx_word' id='word_1_314' title='bbox 471 2581 811 2627; x_wconf 87' lang='lat' dir='ltr'>reducerentur</span> <span class='ocrx_word' id='word_1_315' title='bbox 835 2580 889 2625; x_wconf 88' lang='lat' dir='ltr'>ad</span> <span class='ocrx_word' id='word_1_316' title='bbox 917 2580 1330 2638; x_wconf 83' lang='lat' dir='ltr'>praedicamentum</span> <span class='ocrx_word' id='word_1_317' title='bbox 1354 2577 1638 2641; x_wconf 86' lang='lat' dir='ltr'>substantiae,</span> <span class='ocrx_word' id='word_1_318' title='bbox 1661 2590 1769 2624; x_wconf 87' lang='lat' dir='ltr'>cum</span> <span class='ocrx_word' id='word_1_319' title='bbox 1793 2579 1919 2625; x_wconf 84' lang='lat' dir='ltr'>nulla</span> 
     </span>
     <span class='ocr_line' id='line_1_35' title="bbox 297 2651 1920 2710; baseline -0.001 -11"><span class='ocrx_word' id='word_1_320' title='bbox 297 2653 441 2699; x_wconf 83' lang='lat' dir='ltr'>forma</span> <span class='ocrx_word' id='word_1_321' title='bbox 465 2651 758 2698; x_wconf 87' lang='lat' dir='ltr'>accidentalis</span> <span class='ocrx_word' id='word_1_322' title='bbox 781 2663 864 2709; x_wconf 89' lang='lat' dir='ltr'>per</span> <span class='ocrx_word' id='word_1_323' title='bbox 884 2663 932 2696; x_wconf 89' lang='lat' dir='ltr'>se</span> <span class='ocrx_word' id='word_1_324' title='bbox 962 2651 1179 2697; x_wconf 85' lang='lat' dir='ltr'>subsistat</span> <span class='ocrx_word' id='word_1_325' title='bbox 1204 2652 1374 2710; x_wconf 83' lang='lat' dir='ltr'>absque</span> <span class='ocrx_word' id='word_1_326' title='bbox 1398 2651 1627 2710; x_wconf 86' lang='lat' dir='ltr'>hypostasi</span> <span class='ocrx_word' id='word_1_327' title='bbox 1647 2652 1920 2698; x_wconf 82' lang='lat' dir='ltr'>substantiae</span> 
     </span>
     <span class='ocr_line' id='line_1_36' title="bbox 300 2723 1920 2783; baseline 0 -12"><span class='ocrx_word' id='word_1_328' title='bbox 300 2725 612 2771; x_wconf 72' lang='lat' dir='ltr'>subsistentis:</span> <span class='ocrx_word' id='word_1_329' title='bbox 654 2724 778 2783; x_wconf 88' lang='lat' dir='ltr'>quod</span> <span class='ocrx_word' id='word_1_330' title='bbox 819 2729 886 2769; x_wconf 88' lang='lat' dir='ltr'>est</span> <span class='ocrx_word' id='word_1_331' title='bbox 927 2723 1103 2770; x_wconf 80' lang='lat' dir='ltr'>falsum.</span> <span class='ocrx_word' id='word_1_332' title='bbox 1134 2724 1246 2770; x_wconf 90' lang='lat' dir='ltr'>Cum</span> <span class='ocrx_word' id='word_1_333' title='bbox 1285 2736 1391 2782; x_wconf 86' lang='lat' dir='ltr'>ergo</span> <span class='ocrx_word' id='word_1_334' title='bbox 1432 2737 1545 2783; x_wconf 86' lang='lat' dir='ltr'>papa</span> <span class='ocrx_word' id='word_1_335' title='bbox 1583 2730 1629 2770; x_wconf 92' lang='lat' dir='ltr'>et</span> <span class='ocrx_word' id='word_1_336' title='bbox 1666 2725 1920 2782; x_wconf 85' lang='lat' dir='ltr'>imperator</span> 
     </span>
     <span class='ocr_line' id='line_1_37' title="bbox 301 2798 1916 2859; baseline 0.001 -15"><span class='ocrx_word' id='word_1_337' title='bbox 301 2799 392 2845; x_wconf 80' lang='lat' dir='ltr'>sint</span> <span class='ocrx_word' id='word_1_338' title='bbox 423 2799 470 2845; x_wconf 93' lang='lat' dir='ltr'>id</span> <span class='ocrx_word' id='word_1_339' title='bbox 499 2798 623 2858; x_wconf 86' lang='lat' dir='ltr'>quod</span> <span class='ocrx_word' id='word_1_340' title='bbox 650 2803 759 2844; x_wconf 79' lang='lat' dir='ltr'>sunt</span> <span class='ocrx_word' id='word_1_341' title='bbox 784 2811 867 2858; x_wconf 76' lang='lat' dir='ltr'>per</span> <span class='ocrx_word' id='word_1_342' title='bbox 899 2798 1116 2858; x_wconf 86' lang='lat' dir='ltr'>quasdam</span> <span class='ocrx_word' id='word_1_343' title='bbox 1150 2798 1408 2856; x_wconf 82' lang='lat' dir='ltr'>relationeS,</span> <span class='ocrx_word' id='word_1_344' title='bbox 1440 2799 1545 2859; x_wconf 89' lang='lat' dir='ltr'>quia</span> <span class='ocrx_word' id='word_1_345' title='bbox 1586 2812 1667 2859; x_wconf 88' lang='lat' dir='ltr'>per</span> <span class='ocrx_word' id='word_1_346' title='bbox 1697 2805 1916 2859; x_wconf 83' lang='lat' dir='ltr'>papatum</span> 
     </span>
    </p>
   </div>
  </div>
 </body>
</html>
