2054 3262
279 164 368 210 2⁹24·
876 172 1022 210 LIBER
1054 174 1317 212 SECUNDUS.

282 268 441 313 multa.
477 267 700 315 Ornativa
731 280 845 315 vero
882 269 1078 316 dicimus
1118 271 1268 316 omnia
1303 270 1589 330 polisyllaha,
1628 282 1735 330 quae
1774 270 1921 319 mixta

285 353 392 386 cum
436 342 814 400 pexispulcram
855 343 1031 390 faciunt
1070 345 1325 390 armoniam
1366 344 1661 402 compaginis,
1707 346 1922 404 quamvis

279 414 584 470 asperitatem
625 415 820 463 habeant
851 417 1185 475 adspirationis,
1217 423 1263 463 et
1294 422 1533 474 accentuS,
1567 423 1614 463 et
1645 418 1920 477 duplicium,

286 493 332 532 et
358 487 655 546 liquidarum,
679 495 726 535 et
751 490 1029 547 prolixitatis
1044 505 1058 549 3
1087 498 1140 538 ut
1172 496 1317 549 terra,
1345 505 1498 548 onore,
1529 505 1780 550 speranza,
1811 507 1919 552 qra-

280 562 433 614 vz‘tate‚
468 563 701 619 alleviato,
734 566 1110 622 impossibilitate,
1144 567 1674 621 benavventuratissimo‚
1705 571 1922 614 avventu-

286 635 687 689 -ratissz'mamente‚
718 637 1389 695 disavventaratissimameme,
1425 641 1924 699 sovramaqnificenlis-

282 709 563 762 simamente,
598 710 722 767 quod
762 710 1165 770 endecasyllabum
1205 717 1288 757 est.
1331 712 1492 758 Posset
1526 711 1677 759 adhuc
1717 712 1916 761 inveniri

282 781 487 838 plurium
512 784 794 841 syllabarum
819 787 1115 843 vocabulum,
1142 786 1241 834 sive
1272 787 1472 833 verbum
1486 800 1502 845 3
1535 788 1617 833 sed
1649 787 1757 846 quia
1789 801 1921 847 capa-

281 852 472 923 citatem
513 861 779 902 nostrorum
818 858 1025 903 omnium
1067 859 1328 905 carminum
1367 860 1711 917 superexcedit,
1750 861 1922 908 rationi

283 927 505 984 praesenti
531 940 624 973 non
649 928 837 975 videtur
861 930 1131 986 obnoxium,
1157 930 1278 977 sicut
1305 936 1374 977 est
1401 931 1514 977 illud
1535 927 1922 992 onorificabilita-

280 1000 492 1052 (imitate,
535 1002 660 1059 quod
696 1003 908 1048 duodena
943 1003 1199 1061 perficitur,
1244 1005 1418 1063 syllaba
1457 1005 1506 1052 in
1540 1006 1738 1064 vulgari,
1780 1012 1827 1053 et
1869 1007 1919 1052 in

286 1073 583 1130 grammatica
624 1075 816 1121 tredena
854 1076 1096 1134 perficitur
1132 1078 1181 1123 in
1216 1079 1396 1125 duobus
1432 1078 1641 1138 obliquis.
1686 1079 1924 1135 Quomodo

281 1153 442 1193 autem
464 1148 595 1205 pexis
619 1148 765 1194 irsuta
789 1149 1052 1208 hujusmodi
1077 1152 1169 1198 sint
1195 1153 1522 1199 armonizanda
1551 1165 1635 1211 per
1666 1149 1832 1210 metr33
1857 1152 1923 1198 in-

283 1221 428 1267 ferius
466 1222 793 1269 instruendum
823 1224 1143 1283 relinquimus,
1174 1217 1238 1274 'Et
1271 1240 1378 1285 quae
1411 1227 1533 1274 dicta
1562 1233 1674 1275 sunt
1706 1228 1763 1276 de
1795 1227 1921 1276 fasti-

278 1295 492 1353 giositate
517 1298 867 1355 vocabulorum,
893 1300 1109 1357 ingenuae
1137 1300 1401 1347 discretioni
1426 1299 1677 1348 sufficiant.

949 1591 1118 1638 CAPUT
1156 1593 1262 1640 VIII.

546 1708 647 1758 Quid
676 1709 726 1747 sit
754 1709 897 1758 cantio,
928 1715 965 1747 et
993 1711 1095 1760 quod
1124 1711 1304 1761 pluribus
1332 1711 1457 1749 modis
1485 1709 1673 1750 variatur.

375 1805 653 1863 Praeparatis
673 1805 890 1863 fustibus,
915 1806 1252 1864 torquibusque
1273 1806 1330 1852 ad
1349 1806 1532 1864 fascem,
1554 1818 1682 1852 nunc
1701 1805 1925 1852 fasciandi

284 1884 473 1936 tempus
498 1878 727 1924 incumbit
744 1892 759 1935 3
782 1879 863 1924 sed
886 1879 992 1936 quia
1011 1878 1256 1935 quuslibet
1274 1878 1422 1936 operis
1441 1878 1640 1936 cognitio
1656 1878 1924 1936 praecedere

287 1952 424 1998 dehet
446 1952 778 2010 operationem,
800 1952 932 1999 velut
954 1952 1139 2009 signum
1159 1957 1268 1998 ante
1289 1951 1613 1998 admissionem
1633 1951 1828 2010 sagittae,
1847 1951 1922 1998 vel

277 2025 420 2082 jaculi
439 2038 453 2081 3
480 2025 628 2083 primo
654 2031 699 2071 et
726 2025 1043 2083 principaliter
1067 2025 1181 2084 quid
1205 2026 1263 2071 sit
1290 2026 1375 2071 iste
1395 2026 1543 2082 fasciS,
1571 2037 1713 2083 quem
1734 2026 1926 2072 fasciare

288 2099 594 2154 intendimus,
616 2098 871 2146 videamus.
910 2098 1066 2144 Fascis
1096 2098 1240 2155 igitur
1270 2098 1371 2156 Iste,
1403 2098 1442 2144 si
1470 2098 1588 2144 hene
1620 2098 1925 2145 comminisci-

291 2186 398 2219 mur
429 2174 581 2218 omnia
613 2174 866 2231 praelibata,
909 2174 1062 2220 cantio
1093 2179 1177 2219 est.
1219 2174 1510 2231 Quapropter
1541 2173 1655 2231 quid
1683 2173 1742 2219 sit
1774 2173 1926 2219 cantio

289 2246 550 2302 videamus,
589 2251 635 2292 et
668 2246 779 2304 quid
808 2246 1105 2303 intelligimus
1137 2258 1246 2292 cum
1285 2245 1481 2291 dicimus
1521 2244 1799 2291 cantionem.
1843 2245 1925 2291 Est

289 2319 417 2366 enim
446 2319 615 2377 cantio,
639 2321 898 2367 secundum
930 2333 1098 2368 verum
1131 2321 1329 2367 nominis
1359 2319 1684 2378 significatum,
1716 2320 1812 2378 ipse
1853 2332 1926 2367 ca-

287 2394 429 2439 nendi
465 2400 599 2440 actus
624 2395 698 2441 vel
731 2395 895 2453 passi0,
926 2396 1049 2442 sicut
1081 2396 1233 2454 lectio,
1260 2395 1409 2455 passio
1439 2394 1517 2442 vel
1547 2399 1681 2440 actus
1726 2393 1925 2451 legendi.

293 2468 384 2515 Sed
418 2468 744 2524 divaricemUS,
779 2469 903 2526 quod
936 2459 1112 2514 dictum
1154 2474 1239 2526 est,
1272 2474 1436 2514 utrum
1475 2466 1692 2514 videlicet
1727 2466 1827 2513 haec
1866 2466 1926 2512 sit

285 2542 459 2598 cantio,
485 2548 625 2598 prout
651 2549 719 2588 est
745 2549 878 2589 actus
921 2543 997 2589 vel
1020 2549 1158 2600 prout
1179 2542 1341 2601 passio,
1367 2540 1497 2587 Circa
1522 2540 1608 2586 hoc
1633 2539 1927 2587 consideran-

289 2617 404 2662 dum
435 2621 521 2671 est,
554 2615 678 2673 quod
711 2615 862 2661 cantio
895 2615 1143 2672 dupliciter
1173 2613 1319 2672 accipi
1351 2617 1502 2671 potest
1517 2625 1533 2669 3
1566 2623 1660 2657 uno
1690 2612 1827 2657 modo
1856 2624 1926 2657 se-

289 2688 501 2734 cundum
526 2688 652 2746 quod
676 2687 931 2732 fabricatur
962 2688 1018 2732 ab
1058 2692 1248 2732 auctore
1281 2698 1380 2742 SUO,
1413 2691 1460 2732 et
1497 2685 1563 2731 sic
1593 2690 1662 2731 est
1692 2685 1846 2744 actio;
1878 2691 1925 2734 et

283 2760 550 2806 secundum
581 2759 723 2806 istum
749 2760 936 2805 modum
964 2759 1175 2816 Virgilius
1199 2759 1347 2816 primo
1374 2758 1593 2805 AEneidos
1619 2757 1760 2805 dicit:

817 2864 836 2883 ι
861 2848 976 2886 Arma
1006 2848 1208 2897 virumque
1237 2859 1345 2887 cano.
1368 2864 1386 2882 υ
1432 2856 1434 2858 ’
