2054 3262
295 147 379 192 334
885 150 1028 186 LIBER
1061 150 1320 187 SECUNDUS.

290 248 394 305 Jure
420 246 641 303 graditur.
669 244 738 290 Ad
766 243 898 302 cujus
922 242 1200 290 evidentiam
1225 242 1577 298 advertendum,
1603 241 1728 300 quod
1752 243 1911 300 quaeli-

294 322 370 365 bet
403 330 476 363 res
505 323 575 363 est
606 322 795 375 propter
833 316 1032 374 aliquem
1062 314 1218 371 finem,
1253 313 1385 359 aliter
1425 319 1544 360 esset
1576 314 1747 361 otiosa:
1789 317 1914 374 quod

294 403 391 436 esse
436 402 530 435 non
574 394 742 446 potest,
783 394 836 433 ut
867 387 1078 445 superius
1118 387 1370 433 dicebatur.
1418 387 1478 433 Et
1523 389 1912 445 quemadmodum

295 463 440 509 omnis
469 475 545 508 res
575 467 646 507 est
686 462 743 506 ad
782 460 1022 519 proprium
1052 458 1208 517 finem,
1244 460 1310 505 sic
1354 460 1501 506 omnis
1540 460 1644 506 finis
1683 462 1915 521 propriam

295 539 428 583 habet
473 549 573 582 rem
620 535 750 592 cujus
785 541 853 580 est
893 534 1010 580 finis,
1044 535 1173 580 Unde
1206 535 1477 591 impossibile
1508 541 1594 592 est,
1625 534 1775 593 aliqua
1806 536 1914 592 du0,

296 622 377 666 per
399 622 446 654 se
471 599 716 666 loquendo,
743 609 791 653 in
822 614 1049 666 quantum
1082 609 1186 664 duc,
1218 607 1357 653 finem
1389 609 1603 654 eumdem
1640 608 1913 654 intendere:

295 689 571 740 sequeretur
596 683 719 729 enim
744 683 864 728 idem
889 683 1237 739 inconveniens,
1270 683 1392 741 quod
1416 683 1614 728 alterum
1643 682 1817 729 scilicet
1846 694 1915 728 es-

300 763 368 803 set
394 758 580 803 frustra.
609 758 722 803 Cum
744 770 850 814 ergo
872 757 987 814 juris
1009 757 1111 801 finis
1136 757 1319 815 quidem
1341 757 1415 812 sit,
1440 762 1493 802 ut
1513 755 1608 813 jam
1632 750 1916 803 declaratum

301 837 368 876 est
390 844 401 881 ;
433 843 621 876 necesse
646 836 730 887 est,
756 830 846 876 fine
877 831 951 874 illo
977 830 1139 887 posit0,
1165 829 1238 886 J'us
1263 829 1385 887 poni,
1413 841 1519 875 cum
1544 829 1603 875 sit
1627 829 1842 887 proprius
1871 834 1919 875 et

298 916 380 961 per
405 916 452 948 se
469 902 586 960 juris
613 902 818 949 effectus
845 903 904 948 Et
932 915 1038 948 cum
1063 903 1111 947 in
1141 903 1265 947 omni
1292 904 1620 961 consequentia
1643 902 1918 961 impossibile
1988 895 2013 935 s
2046 964 2054 972 ‚

297 976 354 1022 sit
385 977 552 1021 habere
584 976 863 1022 antecedens
899 976 1071 1032 absque
1113 980 1440 1031 consequente,
1472 979 1526 1020 ut
1554 974 1784 1020 hominem
1822 974 1923 1019 sine

297 1048 494 1104 animali,
521 1049 641 1094 sicut
663 1053 790 1105 patet
818 1047 1128 1093 construendo
1156 1052 1201 1092 et
1228 1047 1533 1102 destruend03
1557 1046 1622 1092 sic
1647 1046 1922 1105 impossibile

301 1130 385 1178 ost,
409 1121 524 1179 juris
565 1122 702 1166 finem
729 1133 940 1179 quaerere
978 1121 1076 1165 sine
1102 1119 1223 1177 jure,
1257 1132 1364 1166 cum
1396 1121 1615 1177 quaelibet
1640 1132 1715 1166 res
1735 1121 1791 1166 ad
1815 1133 1920 1179 pro-

301 1194 453 1252 prium
478 1194 618 1239 finem
642 1206 689 1239 se
712 1193 889 1250 habeat,
917 1191 1048 1239 velut
1076 1204 1362 1250 consequens
1391 1193 1449 1238 ad
1479 1193 1773 1239 antecedens
1805 1193 1940 1240 Nam·

302 1269 574 1326 impossibile
602 1273 686 1324 est,
710 1268 876 1313 bonam
897 1266 1210 1312 valetudinem
1233 1268 1550 1313 membrorum
1575 1268 1799 1326 attingere
1823 1269 1921 1314 sine

300 1342 513 1387 sanitate.
539 1341 736 1398 Propter
778 1339 901 1397 quod
940 1339 1278 1385 evidentissime
1319 1344 1460 1396 patet,
1488 1340 1611 1397 quod
1640 1339 1780 1386 finem
1804 1339 1922 1397 juris

299 1416 631 1470 intendentem,
658 1420 838 1472 oportet
867 1425 973 1458 cum
994 1412 1098 1470 jure
1123 1413 1364 1459 intendere
1380 1427 1395 1470 3
1428 1425 1515 1459 nec
1541 1415 1664 1461 valet
1689 1415 1920 1473 instantia,

301 1503 405 1548 quae
432 1491 487 1536 de
518 1491 673 1537 verbis
710 1489 960 1548 philosophi
1002 1488 1232 1533 eubuliam
1268 1489 1598 1546 pertractantis
1638 1490 1738 1536 elici
1777 1491 1923 1548 solet;

302 1566 411 1612 dicit
437 1565 583 1609 enim:
619 1564 750 1609 Falso
771 1563 1030 1622 syllogismo
1054 1561 1222 1619 sortiri,
1255 1564 1376 1619 quod
1403 1563 1590 1620 quidem
1615 1569 1798 1623 oportet
1827 1577 1923 1611 sor-

305 1635 394 1694 tiri,
422 1650 580 1696 posse:
607 1650 690 1695 per
720 1638 844 1696 quod
873 1642 1043 1692 autem,
1075 1647 1198 1681 nont
1230 1637 1311 1681 sed
1340 1637 1502 1683 falsum
1532 1639 1738 1686 medium
1767 1642 1923 1688 termi-

303 1724 415 1756 num
447 1723 558 1756 esse.
601 1710 715 1754 Nam
754 1709 790 1754 si
832 1721 892 1754 ex
933 1709 1053 1753 falsis
1083 1708 1353 1767 syllogismis
1383 1723 1551 1758 verum
1592 1714 1926 1772 quodammodo

306 1782 615 1838 concluditur,
657 1783 742 1827 hoc
783 1786 852 1827 est
893 1793 975 1838 per
1007 1781 1236 1839 accidenS,
1267 1783 1316 1828 in
1361 1790 1589 1842 quantum
1618 1786 1729 1833 illud
1758 1801 1924 1836 verum

304 1856 580 1912 importatur
603 1868 685 1913 per
716 1866 856 1901 voces
887 1854 1127 1913 illationis:
1161 1867 1244 1912 per
1269 1868 1317 1901 se
1342 1856 1466 1902 enim
1489 1870 1658 1904 verum
1686 1871 1924 1918 nunquam

305 1930 515 1987 sequitur
547 1943 607 1975 ex
637 1929 758 1974 falsis
774 1942 788 1985 3
820 1928 947 1984 signa
970 1933 1126 1973 tamen
1146 1928 1246 1974 veri
1271 1928 1389 1975 bene
1420 1938 1683 1988 sequuntur
1705 1946 1766 1980 ex
1789 1935 1926 1993 signis

305 2016 409 2061 quae
440 2010 550 2050 sunt
575 2004 700 2060 signa
725 2003 848 2047 falsi:
882 2001 948 2048 sic
980 2007 1026 2047 et
1057 2002 1104 2046 in
1135 2003 1450 2060 operabilibus.
1483 2005 1597 2051 Nam
1627 2007 1734 2054 licet
1762 2008 1839 2056 fur
1868 2011 1925 2057 de

306 2081 428 2126 furto
452 2078 696 2125 subveniat
721 2076 926 2135 pauperi,
949 2088 1043 2121 non
1068 2081 1223 2122 tamen
1245 2076 1533 2137 eleemosyna
1559 2079 1806 2128 dicendum
1829 2089 1925 2129 cst:

305 2154 385 2199 sed
416 2159 484 2199 est
526 2152 644 2198 actio
685 2151 914 2209 quaedam,
947 2163 1052 2210 quae
1087 2149 1125 2196 si
1166 2151 1222 2197 de
1261 2153 1444 2210 propria
1483 2153 1737 2200 substantia
1774 2154 1925 2213 fieret,

307 2226 613 2283 eleemosynae
636 2223 827 2268 formam
858 2223 1062 2270 haberet.
1098 2224 1316 2269 Similiter
1340 2230 1409 2271 est
1441 2226 1496 2271 de
1527 2226 1619 2273 fine
1643 2226 1788 2285 juris:
1821 2229 1927 2288 quia

307 2300 344 2345 si
374 2300 512 2354 aliud,
545 2305 597 2345 ut
629 2298 731 2344 finis
763 2299 904 2357 ipsius
928 2298 1063 2356 J'uris,
1096 2300 1265 2358 absque
1291 2299 1394 2357 jure
1424 2301 1730 2360 obtineretur,
1760 2303 1823 2350 ita
1858 2317 1927 2351 es-

309 2379 378 2419 set
406 2372 522 2430 juris
553 2372 671 2429 finis,
703 2374 789 2418 hoc
820 2378 888 2418 est
913 2373 1087 2417 bonum
1113 2385 1389 2429 commune;
1422 2374 1542 2420 sicut
1572 2374 1790 2422 exhibitio
1809 2375 1927 2422 facta

309 2447 365 2492 de
395 2447 511 2492 male
551 2446 775 2504 acquisito
816 2450 934 2490 esset
966 2444 1269 2503 eleemosyna.
1303 2444 1362 2491 Et
1400 2445 1481 2501 sic,
1514 2457 1621 2492 cum
1650 2446 1698 2492 in
1728 2448 1927 2506 proposi-

310 2521 433 2566 tione
471 2520 651 2566 dicatur
688 2520 742 2564 de
785 2517 876 2563 fine
903 2517 1019 2574 juris
1043 2517 1287 2573 existente,
1317 2530 1411 2563 non
1442 2523 1624 2564 tantum
1663 2526 1926 2579 apparente,

310 2593 527 2639 instantia
558 2593 679 2638 nulla
712 2597 795 2637 est.
829 2591 962 2637 Patet
993 2591 1133 2648 igitur
1153 2591 1277 2648 quod
1301 2591 1614 2649 quaerebatur.

400 2665 422 2728 ἓ
459 2667 542 2712 Vll.
575 2666 634 2711 Et
665 2664 776 2710 illud
806 2664 929 2722 quod
958 2669 1121 2710 natura
1163 2663 1410 2720 ordinavit,
1451 2665 1506 2710 de
1539 2664 1644 2722 J’ure
1678 2672 1925 2724 servatur-3

312 2747 477 2787 natura
503 2739 626 2785 enim
652 2737 698 2783 in
723 2736 1005 2795 providendo
1027 2748 1119 2782 non
1144 2735 1298 2782 deficit
1318 2737 1374 2782 ab
1395 2737 1587 2784 hominis
1611 2740 1926 2799 providentia;
