2054 3262
313 170 400 215 314
900 183 1043 221 unna
1074 186 1334 225 SECUNDUS.

314 277 417 317 tans
446 277 661 330 utroque,
692 272 899 322 similiter
933 282 980 323 et
1003 277 1197 326 affectu!
1248 281 1515 328 Rationibus
1543 281 1924 342 irrefragabilibus

311 343 600 391 intellectum
629 346 911 403 superiorem
942 361 1034 396 non
1066 363 1215 412 curaS,
1260 365 1347 400 nec
1377 354 1674 412 experientiae
1699 358 1834 404 vultu
1858 359 1926 406 in·

311 417 523 463 seriorem
538 430 554 475 5
601 419 682 464 sed
721 432 806 466 nec
837 420 1050 468 affectum
1082 424 1319 471 dulcedine
1350 426 1520 473 divinae
1551 429 1786 486 suasionis,
1817 444 1925 478 cun„

313 501 396 546 per
426 490 584 536 tubam
617 491 770 539 Sancti
803 494 1109 552 Spiritus·tibi
1139 497 1350 544 affletur:
1383 500 1500 546 Ecce
1522 512 1659 558 quam
1682 499 1845 548 bonum
1884 505 1925 549 et

311 575 448 620 quam
458 561 718 617 jucundum
741 567 948 614 habitare
965 571 1142 629 fratres
1168 572 1218 616 in
1238 583 1395 626 unum.

693 858 702 892 s
727 822 986 884 LIBER
1032 824 1502 889 SECUNDUS.

331 1106 526 1152 Quomodo
552 1117 733 1144 romanus
763 1108 927 1157 populus
953 1109 999 1146 de
1022 1110 1111 1158 ,iure
1139 1110 1213 1148 sibi
1241 1110 1446 1149 adsciverit
1471 1111 1634 1149 officium
1664 1112 1894 1151 monarchiae

993 1175 1071 1211 sive
1101 1174 1270 1223 imperii.

395 1280 467 1342 §L
493 1285 646 1338 Quare
659 1286 946 1341 fremuerunt
970 1289 1128 1342 pentes,
1153 1289 1192 1331 et
1209 1287 1368 1343 populi
1384 1286 1590 1332 meditati
1606 1292 1710 1333 sunt
1727 1287 1924 1333 inania?

308 1355 565 1401 Astiterunt
603 1369 727 1414 reyes
759 1361 908 1412 terroe,
933 1361 974 1402 et
997 1358 1228 1414 principes
1253 1362 1557 1403 convenerunt
1580 1361 1632 1402 in
1659 1371 1817 1413 unum,
1847 1358 1925 1404 ad·

307 1441 463 1474 versas
489 1431 734 1475 Dominum
758 1434 798 1475 et
818 1431 1037 1475 adversus
1073 1431 1300 1476 Christum
1322 1430 1429 1485 eju-5.
1456 1432 1812 1489 Disrumpamus
1831 1433 1927 1478 vin·

308 1503 415 1546 cula
441 1515 610 1556 eorum,
637 1506 677 1546 et
695 1504 998 1559 projiciamus
1022 1517 1051 1548 a
1086 1504 1212 1549 nobis
1239 1503 1404 1562 juqum
1440 1502 1678 1561 ipsorum.¹
1706 1504 1834 1550 Sicut
1865 1505 1923 1550 ad

306 1573 468 1618 faciem
501 1585 650 1618 causae
682 1586 775 1619 non
805 1575 1133 1632 pertingentes,
1167 1586 1342 1621 novum
1371 1574 1586 1621 effectum
1618 1577 1925 1623 communiter

307 1645 618 1702 admiramur,
650 1646 715 1691 sic
741 1658 848 1691 cum
870 1658 1052 1692 causam
1080 1646 1409 1703 cognoscimUS,
1442 1658 1520 1692 eos
1543 1647 1622 1704 qui
1645 1653 1754 1693 sunt
1780 1647 1826 1692 in
1849 1648 1925 1693 ad-

305 1717 544 1763 miratione
573 1722 814 1775 restanteS,
847 1719 1043 1776 quadam
1075 1717 1299 1763 derisione
1339 1718 1626 1776 despicimus,
1657 1718 1925 1768 Admirabar

303 1790 529 1847 siquidem
560 1789 818 1847 aliquando,
850 1801 1095 1834 romanum
1119 1788 1338 1847 populum
1361 1789 1410 1834 in
1433 1790 1544 1835 orbe
1574 1795 1803 1835 terrarum
1826 1790 1923 1836 sine

305 1862 394 1908 ulla
424 1862 681 1907 resistentia
714 1861 852 1907 fuisse
894 1861 1184 1918 praefectum,
1228 1873 1335 1906 cum
1365 1866 1548 1906 tantum
1576 1861 1924 1918 superficialiter

302 1933 490 1979 intuens
519 1934 664 1988 illum,
692 1932 815 1978 nullo
839 1931 961 1988 jure,
986 1933 1066 1976 sed
1089 1943 1320 1979 armorum
1346 1934 1920 1991 tantummodoyiolentia,

303 2007 554 2052 obtinuisse
583 2007 851 2052 arbitrabar.
886 2006 975 2051 Sed
1004 2011 1246 2063 postquam
1277 2006 1541 2052 medullitus
1565 2007 1720 2052 oculos
1755 2008 1923 2052 mentis

302 2080 448 2137 infixi,
475 2085 520 2125 et
542 2091 626 2137 per
642 2078 953 2124 efficacissima
977 2078 1103 2134 signa
1123 2078 1326 2123 divinam
1347 2078 1685 2133 providentiam
1707 2079 1795 2124 hoc
1818 2077 1922 2124 effe-

304 2155 416 2201 cisse
441 2153 665 2211 cognovi,
691 2152 991 2198 admiratione
1017 2151 1226 2208 cedente,
1251 2151 1448 2199 derisiva
1471 2151 1684 2210 quaedam
1704 2164 1922 2209 superve-

302 2226 370 2271 nit
390 2224 635 2283 despectio.
661 2222 775 2269 Cum
801 2229 961 2279 gentes
985 2223 1195 2270 noverim
1215 2230 1376 2270 contra
1400 2225 1577 2270 romani
1599 2224 1754 2282 populi
1778 2236 1919 2282 praee-

301 2297 570 2344 minentiam
599 2296 863 2353 fremuisse3
904 2308 1011 2342 cum
1042 2295 1224 2343 videam
1262 2297 1452 2355 populos
1481 2310 1601 2344 vana
1630 2297 1919 2353 meditantes,

302 2377 355 2417 ut
385 2371 480 2429 ipse
500 2370 723 2415 solebam:
748 2382 855 2415 cum
879 2370 1068 2428 insuper
1089 2370 1264 2416 doleam
1287 2382 1417 2427 reges
1440 2376 1486 2416 et
1510 2370 1740 2428 principes
1763 2369 1811 2414 in
1834 2369 1918 2415 hoc

300 2455 394 2489 uno
427 2441 772 2498 concordantes,
804 2447 856 2486 ut
887 2441 1194 2488 adversentur
1232 2442 1416 2487 domino
1447 2454 1546 2499 su0,
1586 2448 1632 2487 et
1668 2441 1806 2487 unico
1834 2453 1918 2487 suo

300 2528 487 2563 romano
518 2514 728 2573 principi.
764 2515 958 2572 Propter
989 2515 1112 2571 quod
1144 2515 1355 2572 derisive,
1388 2526 1481 2560 non
1509 2514 1606 2560 sine
1632 2513 1784 2560 dolore
1804 2526 1918 2572 quo-

304 2590 424 2646 dam,
457 2599 566 2635 cum
594 2587 669 2632 illo
695 2586 889 2632 clamare
914 2599 1114 2643 possum,
1131 2600 1224 2645 ‘pro
1249 2586 1416 2646 populo
1445 2587 1639 2644 glorioso
1664 2593 1710 2632 et
1731 2599 1815 2644 pro
1840 2586 1917 2632 Ce-

300 2675 416 2719 sare,
448 2660 527 2720 qui
557 2672 641 2718 pro
670 2658 876 2718 principe
907 2659 1008 2705 coeli
1040 2660 1290 2708 clamabat:
1332 2662 1487 2716 Quare
1506 2661 1796 2719 fremuerunt
1813 2674 1916 2720 qen·

339 2780 354 2807 ί
378 2780 483 2817 Sono
511 2782 520 2816 i
567 2775 680 2824 primi
714 2779 774 2814 tre
810 2778 972 2815 versetti
1004 2779 1068 2815 del
1091 2778 1218 2815 salmo
1237 2777 1286 2816 11.
