2054 3262
274 154 360 199 424
668 202 671 205 Α
697 154 920 197 QUAEs'rto
950 152 1012 190 DE
1044 151 1172 197 AQUA
1200 151 1263 189 ET
1295 151 1469 191 TERRA.

269 264 351 312 per
381 250 521 309 quod,
560 249 759 296 alterum
790 248 1080 305 sequebatur.
1116 248 1466 306 Consequentia,
1506 253 1560 294 ut
1601 246 1787 304 dicitur,
1818 253 1892 295 est

268 324 506 371 manifesta
536 334 618 380 per
642 321 795 366 locum
819 333 844 367 a
868 319 1116 366 sufficienti
1147 321 1367 368 divisione
1393 333 1575 377 causae3
1607 319 1893 380 impossibili-

271 401 340 442 tas
364 393 703 451 consequentiS,
728 404 810 450 per
834 405 886 438 ea
911 405 1015 450 quae
1037 394 1352 451 ostendentur,
1378 393 1624 451 apparebit.

762 547 982 597 Suppositio
1010 547 1136 597 prima
1163 552 1201 586 et
1227 547 1404 586 secunda.

361 686 385 749 ἕ
415 687 484 734 ΧΙ.
515 687 586 734 Ad
615 685 893 732 evidentiam
926 684 1068 740 igitur
1108 683 1425 740 dicendorum,
1468 685 1559 732 duo
1597 686 1898 745 supponenda

273 768 411 808 sunt:
446 761 646 819 primum
681 764 765 816 est,
802 759 926 817 quod
957 770 1073 815 aqua
1097 757 1369 803 naturaliter
1399 764 1618 805 movetur
1652 760 1894 815 deorsum;

275 836 530 882 secundum
562 839 645 889 est,
677 833 800 891 quod
825 844 942 889 aqua
968 836 1036 876 est
1059 830 1189 877 labile
1215 843 1382 888 corpus
1405 832 1694 889 naturaliter,
1725 838 1772 877 et
1802 843 1895 877 non

277 906 559 953 terminabile
591 904 788 950 termino
814 901 1012 960 proprio,
1037 902 1095 947 Et
1121 901 1159 948 si
1184 902 1287 959 quis
1318 903 1418 948 haec
1444 903 1534 948 duo
1559 903 1799 962 principia,
1819 903 1895 950 vel
1984 945 1986 947 .

276 980 473 1025 alterum
507 979 711 1035 ipsorum
741 981 945 1032 negaret,
981 975 1038 1020 ad
1075 975 1226 1032 ipsum
1265 987 1359 1021 non
1401 980 1519 1020 esset
1551 975 1906 1032 determinati0;
1980 978 1985 981 '

278 1065 423 1111 quum
465 1057 624 1098 contra
664 1055 906 1106 negantem
954 1048 1175 1106 principia
1218 1048 1410 1106 alicujus
1447 1048 1652 1095 scientiae
1697 1060 1791 1095 non
1827 1054 1898 1094 est

279 1124 603 1183 disputandum
627 1123 674 1168 in
704 1122 777 1167 illa
811 1121 1016 1177 scientia,
1053 1127 1106 1167 ut
1137 1126 1264 1179 patet
1299 1134 1359 1168 ex
1393 1122 1540 1179 primo
1583 1118 1900 1168 Phisicorum:

279 1202 388 1242 sunt
414 1195 584 1241 etenim
608 1195 707 1240 haec
741 1194 963 1251 principia
997 1194 1188 1240 inventa
1222 1206 1356 1239 sensu
1389 1200 1435 1240 et
1472 1194 1755 1250 inductione,
1786 1205 1903 1252 quo·
1935 1221 1944 1229 x

280 1282 387 1317 rum
412 1274 480 1314 est
507 1269 608 1314 talia
633 1267 860 1323 invenire,
885 1272 937 1313 ut
962 1273 1087 1325 patet
1120 1280 1179 1313 ex
1203 1267 1349 1325 primo
1374 1268 1436 1314 ad
1461 1268 1801 1317 Nichomacum.

813 1422 1028 1460 Destructio
1055 1423 1172 1471 primi
1202 1422 1375 1461 membri.

372 1558 396 1623 ἕ
427 1561 515 1607 ΧΙΙ.
547 1560 617 1607 Ad
648 1560 1010 1606 destructionem
1035 1559 1175 1616 igitur
1198 1559 1332 1617 primi
1358 1560 1552 1606 membri
1583 1561 1911 1618 consequentis

285 1633 402 1692 dioc,
428 1633 552 1692 quod
588 1642 753 1690 aquam
779 1644 875 1678 esse
912 1632 1224 1678 excentricam
1249 1637 1318 1678 est
1354 1632 1655 1690 impossibile:
1689 1633 1812 1691 quod
1840 1632 1906 1678 sic

285 1707 576 1753 demonstro:
614 1707 660 1751 Si
694 1719 812 1764 aqua
847 1711 966 1752 esset
992 1705 1273 1762 excentrica,
1306 1706 1392 1752 tria
1426 1705 1714 1764 impossibilia
1742 1717 1906 1764 seque-

286 1786 454 1826 rentur
470 1793 485 1836 3
511 1790 710 1836 quorum
735 1778 936 1835 primum
967 1783 1054 1834 est,
1085 1778 1209 1835 quod
1232 1791 1348 1836 aqua
1380 1784 1498 1824 esset
1518 1779 1788 1825 naturaliter
1812 1790 1910 1823 mo-

287 1851 439 1898 vibilis
464 1862 647 1898 sursum
673 1855 720 1896 et
747 1850 962 1895 deorsum
977 1862 991 1905 ;
1017 1850 1273 1894 secundum
1299 1856 1385 1907 est,
1411 1851 1536 1909 quod
1554 1863 1671 1909 aqua
1694 1864 1788 1898 non
1811 1864 1906 1899 mo-

290 1929 482 1970 veretur
514 1923 726 1968 deorsum
752 1934 835 1980 per
860 1922 1067 1967 eamdem
1097 1921 1261 1969 lineam
1287 1935 1394 1969 cum
1421 1930 1542 1971 terra
1557 1938 1572 1981 3
1609 1925 1796 1971 tertium
1822 1932 1912 1983 est,

291 1996 417 2054 quod
441 1994 642 2052 gravitas
667 1994 889 2052 equivoce
914 1995 1247 2053 praedicaretur
1269 1995 1324 2041 de
1349 1995 1456 2053 ipsis
1479 2010 1488 2041 :
1512 2009 1616 2054 quae
1643 1997 1794 2044 omnia
1815 2010 1908 2043 non

294 2075 475 2116 tantum
506 2068 627 2124 falsa,
652 2069 732 2113 sed
764 2068 1053 2126 impossibilia
1083 2080 1179 2114 esse
1215 2068 1448 2115 videntur.
1483 2070 1815 2129 Consequentia
1839 2073 1910 2117 de-

293 2141 492 2188 claratur
526 2140 618 2187 sic:
657 2141 721 2186 Sit
759 2141 925 2185 coelum
966 2140 1352 2198 circumferentia,
1391 2141 1440 2188 in
1479 2154 1568 2200 qua
1600 2148 1694 2187 tres
1731 2154 1913 2198 cruceS,

293 2226 409 2271 aqua
447 2213 495 2258 in
522 2226 612 2270 qua
637 2214 759 2270 duae,
786 2219 907 2259 terra
940 2213 989 2258 in
1019 2225 1109 2271 qua
1133 2227 1254 2270 una;
1297 2219 1343 2260 et
1379 2214 1438 2260 sit
1475 2220 1693 2262 centrum
1728 2215 1831 2262 coeli
1864 2222 1912 2261 et

296 2291 433 2331 terrae
480 2290 683 2342 punctus
721 2284 770 2329 in
807 2296 898 2342 quo
934 2284 1000 2331 A:
1044 2291 1259 2331 centrum
1303 2298 1416 2333 vero
1455 2281 1599 2345 aquae'
1632 2288 1912 2334 excentricae

295 2363 498 2416 punctus
528 2358 574 2402 in
601 2369 693 2415 quo
723 2357 776 2413 B,
804 2363 856 2402 ut
888 2362 1013 2415 patet
1040 2357 1086 2403 in
1111 2356 1256 2415 figura
1280 2358 1470 2416 signata.
1497 2360 1608 2407 Dico
1634 2373 1757 2418 erg0,
1789 2361 1911 2418 quod

295 2435 331 2481 si
356 2447 474 2491 aqua
499 2434 587 2480 erit
616 2435 663 2480 in
698 2435 751 2490 A,
785 2440 832 2479 et
862 2434 1021 2479 habeat
1060 2435 1316 2490 transitum,
1349 2437 1619 2501 naturaliter
1650 2433 1916 2483 movebitur

296 2509 353 2556 ad
383 2508 452 2566 B,
484 2520 629 2567 quum
655 2519 790 2555 omne
814 2519 955 2567 grave
980 2514 1224 2557 moveatur
1259 2509 1318 2557 ad
1352 2515 1566 2557 centrum
1594 2510 1792 2570 propriae
1826 2510 1913 2557 cir-
