2054 3262
265 148 356 194 4⁰26
690 154 912 198 QUAEs'rlo
944 158 1004 195 DE
1036 158 1169 201 AQUA
1198 159 1262 196 ΕΤ
1294 160 1473 198 TERRA.

264 250 586 297 'cumferentiae
612 253 884 300 naturaliter
898 267 913 311 3
946 260 992 302 et
1017 267 1163 313 quum
1186 257 1365 321 moveri
1394 258 1450 304 ab
1481 256 1522 303 A
1551 256 1608 303 ad
1637 255 1675 303 B
1707 255 1767 302 sit
1798 266 1897 301 mo-

270 323 371 370 veri
396 335 611 380 sursum3
638 336 784 381 quum
815 328 854 373 A
878 328 937 375 sit
962 328 1230 388 simpliciter
1255 331 1468 378 deorsum
1493 331 1552 376 ad
1574 328 1725 376 omnia
1734 342 1752 387 3
1778 339 1898 386 aqua

270 395 534 443 movebitur
580 398 801 443 naturali-

270 474 345 514 ter
390 482 618 516 sursum:
678 472 804 528 quod

270 548 370 588 crat
395 543 600 600 primum
636 544 802 603 impos·

268 616 412 673 sibile,
433 618 555 675 quod
575 630 712 676 supra
732 619 798 664 di-

268 692 474 740 cebatur.
490 694 723 742 Praeterea
740 695 799 742 sit

269 765 397 822 gleba
425 772 561 814 terrae
589 770 638 815 in
674 771 722 826 Z,
753 777 799 817 et

266 837 439 885 ibidem
476 841 534 887 sit
567 843 799 900 quantitas

269 925 418 971 aquae,
445 919 491 960 et
517 915 632 961 absit
665 928 800 961 omne

267 985 535 1041 prohibens:
556 1000 702 1045 quum
719 989 797 1046 igi-

269 1063 362 1113 tur,
404 1065 457 1106 ut
503 1060 680 1107 dictum
712 1068 797 1120 est,

264 1143 406 1177 omne
439 1145 581 1190 grave
617 1148 799 1183 movea-

267 1209 349 1249 tur
372 1206 429 1251 ad
451 1212 668 1253 centrum
696 1222 799 1267 pro-

268 1275 380 1333 priae
395 1277 799 1337 circumferentiae,

270 1353 393 1394 terra
423 1349 685 1396 movebitur
716 1363 799 1408 per
830 1351 997 1398 lineam
1021 1356 1196 1396 rectam
1228 1349 1286 1396 ad
1315 1350 1370 1406 A,
1403 1354 1449 1394 et
1480 1360 1600 1404 aqua
1624 1359 1708 1405 per
1734 1347 1901 1393 lineam

265 1428 443 1467 rectam
473 1423 531 1468 ad
560 1424 630 1481 133
666 1426 746 1470 sed
775 1426 863 1470 hoc
895 1423 1123 1481 oportebit
1161 1435 1258 1468 esse
1288 1435 1371 1481 per
1401 1422 1545 1468 lineas
1592 1421 1812 1477 diversa&
1846 1426 1899 1467 ut

268 1500 395 1550 patet
428 1495 476 1540 in
509 1494 656 1553 figura
687 1497 896 1555 signatam
929 1497 1054 1555 quod
1082 1508 1177 1543 non
1208 1495 1356 1541 solum
1386 1500 1456 1541 est
1495 1493 1789 1552 impossibile,
1820 1493 1903 1539 sed

268 1568 442 1613 rideret
472 1567 757 1627 Aristoteles,
795 1569 832 1615 si
870 1569 1080 1615 audiret:
1115 1573 1162 1614 et
1193 1568 1281 1613 hoc
1325 1572 1423 1613 erat
1462 1566 1738 1622 secundum,
1775 1565 1902 1624 quod

270 1641 493 1687 declarari
524 1643 791 1688 debebatur.
818 1643 1027 1689 Tertium
1058 1654 1172 1689 vero
1204 1642 1384 1688 declaro
1413 1640 1509 1687 sic:
1543 1636 1695 1687 Grave
1720 1644 1767 1684 et
1797 1638 1902 1686 leve

268 1722 379 1762 sunt
411 1716 642 1774 passiones
668 1729 916 1774 corporum
945 1717 1237 1774 simplicium,
1262 1727 1368 1774 quae
1392 1721 1645 1763 moventur
1667 1719 1800 1759 motu
1829 1723 1902 1759 re-

269 1795 373 1846 οἵως
408 1795 453 1835 et
486 1789 604 1836 levia
634 1795 886 1836 moventur
916 1801 1118 1847 sursum,
1165 1789 1322 1847 gravia
1366 1800 1482 1836 vero
1527 1788 1756 1834 deorsum.
1804 1786 1902 1833 Hoc

270 1862 393 1907 enim
423 1863 614 1909 intendo
645 1875 730 1921 per
760 1875 902 1921 grave
935 1869 982 1910 et
1013 1863 1132 1920 leve,
1164 1863 1288 1921 quod
1317 1862 1376 1910 sit
1406 1860 1571 1908 mobile
1586 1873 1602 1918 3
1643 1861 1765 1908 sicut
1797 1860 1902 1908 vult

269 1935 568 1992 Philosophus
598 1936 646 1981 in
683 1937 799 1983 Coelo
834 1941 875 1983 et
908 1938 1093 1986 Munda
1131 1937 1176 1983 Si
1205 1937 1346 1995 igitur
1384 1949 1504 1995 aqua
1534 1940 1806 1983 moveretur
1843 1935 1902 1982 ad

268 2007 320 2063 B,
356 2013 478 2052 terra
510 2020 623 2054 vero
648 2009 706 2054 ad
729 2008 768 2054 A
783 2023 799 2066 3
827 2022 935 2055 cum
958 2009 1206 2067 ambogsint
1229 2020 1422 2067 corpora
1446 2010 1618 2067 gravia,
1643 2009 1900 2056 movebun-

271 2086 348 2126 tur
378 2080 436 2125 ad
468 2080 649 2127 diversa
680 2082 896 2126 deorsum
910 2094 926 2139 ,·
962 2093 1163 2139 quorum
1196 2093 1287 2126 una
1317 2083 1434 2127 ratio
1465 2092 1563 2126 esse
1593 2092 1688 2130 non
1731 2085 1900 2138 potest,

267 2164 415 2210 quum
447 2164 597 2198 unum
628 2153 686 2198 sit
720 2153 936 2199 deorsum
983 2154 1268 2211 simpliciter,
1310 2153 1435 2200 aliud
1479 2165 1594 2201 vero
1642 2153 1902 2200 secundum

267 2226 393 2284 quid.
428 2226 487 2271 Et
521 2239 630 2273 cum
661 2228 902 2275 diversitas
932 2228 982 2273 in
1005 2228 1182 2274 ratlone
1208 2227 1370 2274 finium
1395 2232 1557 2285 arguat
1582 2227 1902 2275 diversitatem

271 2299 319 2344 in
350 2299 419 2355 iis,
454 2312 558 2356 quae
590 2306 700 2346 sunt
732 2306 922 2359 propter
952 2301 1025 2346 illa
1042 2314 1058 2358 3
1090 2300 1386 2347 manifestum
1416 2305 1502 2359 est,
1547 2300 1673 2359 quod
1718 2299 1901 2347 diversa

270 2372 388 2418 ratio
419 2373 612 2419 fluitatis
643 2375 731 2420 erit
763 2376 811 2420 in
841 2388 960 2433 aqua
992 2381 1037 2422 et
1073 2376 1121 2421 in
1168 2381 1322 2422 terra:
1369 2380 1417 2421 et
1463 2385 1611 2433 quum
1657 2373 1901 2420 diversitas

268 2445 460 2492 rationis
493 2458 601 2492 cum
632 2446 874 2493 identitate
906 2447 1103 2493 nominis
1134 2446 1536 2504 equivocationem
1559 2445 1711 2503 faciat,
1736 2451 1789 2492 ut
1820 2458 1900 2504 pa-

271 2525 338 2565 tet
387 2532 471 2577 per
502 2520 820 2579 Philosophum
850 2522 897 2567 in
929 2521 1421 2579 Anteproedz'camentz‘s
1442 2533 1458 2566 .·
1500 2519 1730 2578 sequitur,
1775 2518 1902 2578 quod

265 2593 474 2649 gravitas
504 2593 728 2650 equivoce
758 2593 1040 2651 praedicetur
1073 2594 1128 2639 de
1172 2605 1292 2651 aqua
1337 2597 1384 2638 et
1431 2597 1586 2638 terra:
1629 2591 1755 2650 quod
1798 2595 1899 2638 erat

270 2666 464 2711 tertium
497 2666 840 2724 consequentiae
872 2667 1133 2711 membrum
1165 2665 1508 2711 declarandum.
1546 2665 1619 2714 Sic
1650 2664 1791 2721 igitur
1821 2677 1899 2723 pa-

266 2745 337 2785 tet
369 2752 452 2797 per
483 2751 643 2787 veram
676 2738 1114 2785 demonstrationem
1147 2738 1203 2784 de
1234 2749 1402 2796 genere
1442 2729 1640 2794 illarum,
1686 2747 1777 2795 qua
1824 2738 1901 2784 de-

269 2812 526 2860 monstravi
555 2824 650 2858 non
675 2823 772 2858 esse
801 2811 903 2869 hoc,
936 2811 1061 2871 quod
1089 2823 1207 2870 aqua
1237 2823 1331 2857 non
1356 2816 1424 2858 est
1451 2811 1749 2858 excentrica:
1776 2811 1902 2870 quod
