2054 3262
340 179 431 225 368
708 231 711 234 ,
956 188 1100 224 LIBER
1130 188 1350 228 Tannus,

343 281 510 326 habere
542 280 772 328 nituntur.
807 282 979 329 Dicunt
1011 284 1131 329 enim
1173 285 1337 342 primi),
1387 286 1642 333 secundum
1683 286 1964 347 scripturam

346 356 585 412 GeneseOS,
620 357 744 413 quod
775 357 898 402 Deus
943 357 1050 404 fecit
1094 359 1183 422 duo
1229 372 1392 417 magna
1436 360 1692 418 luminaria,
1738 361 1962 408 luminare

345 429 490 486 majus
521 435 566 474 et
599 429 822 477 luminare
853 431 1017 490 minue„
1049 439 1102 480 ut
1134 433 1331 480 alterum
1362 441 1579 492 praeesset
1615 435 1720 492 diei,
1762 440 1809 481 et
1849 435 1962 480 alte-

345 516 451 549 rum
485 504 623 549 nocti.
660 505 771 560 Quae
801 505 1039 563 allegorice
1087 508 1206 555 dicta
1251 521 1347 555 osse
1390 510 1700 567 intelligebant
1742 509 1828 556 ista
1872 510 1964 555 duo

344 576 579 633 regimina,
610 577 845 634 spirituale
876 585 922 624 ct
955 580 1217 636 temporale.
1252 581 1441 637 Deinde,
1491 581 1615 639 quod
1665 581 1963 639 quemadmo-

347 649 459 694 dum
488 649 609 703 luna,
641 661 746 707 quae
778 655 846 696 est
879 650 1103 697 luminare
1134 653 1304 709 minus,
1350 665 1444 699 non
1482 653 1619 700 habet
1659 653 1830 710 lucem,
1875 651 1964 698 nisi

344 727 483 780 prout
513 722 675 779 recipit
707 734 732 767 a
762 722 873 779 sole;
905 723 970 768 sic
999 735 1087 769 nec
1117 736 1313 781 regnum
1345 726 1595 783 temporale
1636 727 1962 774 auctoritatem

347 794 499 851 habet,
530 794 614 839 nisi
645 800 783 852 prout
814 793 975 852 reprit
1016 808 1043 842 a
1082 795 1304 852 spirituali
1335 797 1573 853 regimine.
1610 799 1807 858 Propter
1846 801 1964 848 hanc

348 872 394 912 ct
424 873 614 924 propter
645 867 751 913 alias
781 879 939 913 eorum
980 867 1179 914 rationes
1226 868 1550 927 dissolvendaS,
1591 873 1960 930 praenotandum,

292 990 294 993 ¹
345 940 487 997 quod,
519 940 638 985 sicut
670 940 934 1006 Philosopho
966 939 1113 997 placet
1146 940 1194 984 in
1224 939 1278 985 iis
1309 953 1413 998 quae
1455 942 1512 987 de
1556 943 1811 1001 sophisticis
1843 945 1964 990 elen-
2001 956 2003 958 ’

346 1013 458 1070 chiS,
489 1014 652 1059 solutio
683 1013 942 1070 argumenti
974 1019 1042 1059 est
1075 1013 1244 1059 erroris
1275 1015 1592 1062 manifestatio,
1625 1016 1684 1063 Et
1708 1018 1816 1075 quia
1835 1030 1964 1064 error

347 1093 497 1145 potest
528 1100 625 1133 esse
655 1088 701 1133 in
733 1087 923 1133 materia
954 1093 999 1133 et
1031 1088 1078 1134 in
1108 1087 1252 1135 forma
1280 1089 1556 1147 argumenti,
1589 1090 1832 1148 dupliciter
1861 1103 1963 1150 pec·

346 1173 452 1207 care
483 1161 731 1218 contingit:
764 1166 845 1206 aut
874 1160 1048 1206 scilicet
1075 1161 1346 1207 assumendo
1378 1161 1556 1219 salsum,
1587 1168 1668 1209 aut
1698 1175 1794 1210 non
1829 1164 1963 1222 syllo-

346 1233 551 1290 gizandO.
585 1235 696 1289 Quae
729 1234 819 1279 duo
850 1234 1145 1292 Philosophus
1175 1234 1415 1292 objiciebat
1447 1241 1608 1284 contra
1643 1229 1960 1284 Parmeniden}

346 1311 395 1351 et
425 1305 669 1360 Melissum,
703 1306 880 1352 dicens:
920 1307 1007 1361 Qui
1030 1307 1151 1364 salsa
1191 1308 1436 1365 recipiam,
1460 1311 1499 1354 ct
1519 1321 1611 1354 non
1640 1310 1968 1368 sylloyizantes

347 1383 463 1424 sunt.
497 1378 555 1424 Et
586 1378 759 1435 accipio
788 1378 861 1424 hic
890 1377 1014 1434 largo
1044 1378 1178 1423 modo
1207 1378 1386 1436 falsum,
1414 1380 1552 1428 etiam
1574 1394 1657 1439 pro
1686 1376 1966 1441 inopinabili,

342 1450 473 1507 »quod
501 1451 548 1496 in
579 1451 770 1496 materia
800 1451 1017 1507 probabili
1046 1451 1181 1498 habet
1211 1459 1427 1500 naturam
1457 1453 1718 1513 syllogismi.
1766 1455 1811 1502 Si
1852 1468 1965 1503 vcro

346 1525 395 1569 in
424 1524 568 1569 forma
598 1524 656 1569 sit
688 1529 946 1582 peccatum,
978 1526 1209 1571 conclusio
1240 1527 1544 1575 interImenda
1574 1534 1643 1575 est
1674 1529 1731 1576 ab
1771 1529 1847 1574 illo
1885 1530 1966 1588 qui

347 1598 527 1645 solvere
558 1597 678 1654 vult,
710 1597 991 1643 ostendendo
1021 1597 1212 1644 formam
1242 1599 1568 1658 syllogisticam
1599 1612 1694 1646 non
1738 1611 1835 1647 esse
1870 1613 1964 1648 ser-

347 1678 517 1718 vatam.
554 1671 600 1717 Si
631 1684 746 1718 vero
776 1675 1021 1729 peccatum
1051 1671 1110 1719 sit
1141 1671 1189 1718 in
1218 1673 1426 1731 materia,
1455 1665 1536 1720 aut
1561 1678 1630 1720 est
1656 1673 1763 1733 quia
1793 1674 1964 1734 simpli-

343 1745 464 1791 citer
493 1745 655 1790 falsum
685 1749 974 1801 assumptum
1005 1749 1090 1801 est,
1122 1750 1203 1791 aut
1234 1746 1341 1803 quia
1364 1746 1529 1792 falsum
1551 1747 1809 1793 secundum
1834 1746 1962 1805 quid.

343 1818 393 1863 ‚Si
423 1817 704 1874 simpliciter,
736 1828 819 1874 per
849 1816 1254 1875 interemptionem
1284 1818 1506 1878 assumpti
1545 1819 1820 1867 solvendum
1865 1826 1934 1866 est
1945 1835 1960 1877 3

342 1889 385 1935 si
413 1890 670 1936 secundum
702 1888 830 1947 quid,
863 1900 946 1947 per
975 1889 1333 1937 distinctionem.
1367 1891 1464 1939 Hoc
1493 1890 1609 1949 viSO,
1639 1891 1697 1938 ad
1732 1890 1969 1946 meliorem

346 1960 481 2018 hujus
513 1967 559 2007 et
601 1961 795 2006 aliarum
838 1961 1028 2008 inferius
1071 1962 1300 2009 factarum
1344 1956 1626 2011 solutionum
1669 1963 1964 2022 evidentiam,
2003 2021 2005 2023 Ι

345 2034 700 2090 advertendum,
733 2035 858 2092 quod
889 2035 1012 2082 circa
1041 2046 1228 2081 sensum
1257 2035 1509 2095 mysticum
1541 2034 1787 2094 dupliciter
1811 2048 1967 2082 errare

342 2107 598 2173 contingitzl
629 2113 708 2154 aut
741 2109 992 2166 quaerendo
1023 2109 1174 2169 ipsum
1203 2111 1283 2157 ubi
1320 2124 1415 2158 non
1447 2116 1532 2170 est,
1572 2117 1654 2158 aut
1699 2110 1965 2170 accipiendo

345 2181 477 2227 aliter
507 2194 645 2239 quam
677 2182 823 2239 accipi
857 2182 1033 2229 debeat.
1066 2184 1264 2242 Propter
1295 2184 1497 2243 primum
1528 2185 1640 2232 dicit
1680 2185 1967 2242 Augustinus

345 2254 395 2299 in
430 2255 617 2300 Givz‘tate
648 2256 763 2300 Dei:
796 2257 899 2304 Non
929 2267 1041 2302 sane
1069 2258 1225 2303 omnia
1252 2271 1350 2317 qaoe
1377 2263 1499 2316 qesta
1522 2263 1808 2314 narrantur,
1830 2259 1967 2304 etiam
2035 2255 2039 2258 ’

338 2328 610 2385 siqnisz‘care
634 2327 813 2385 aliquid
838 2327 1048 2384 putanda
1073 2332 1203 2374 sunt:
1229 2329 1320 2399 sed,
1345 2333 1533 2388 propter
1558 2331 1646 2378 illa
1667 2344 1765 2391 quw
1788 2330 1966 2391 aliquid

321 2401 620 2457 siqnificam,
652 2401 791 2445 etiam
829 2413 881 2445 ea
921 2413 1030 2473 quoe·
1055 2401 1175 2447 nihil
1218 2402 1484 2461 siqnificant
1533 2407 1817 2450 attexuntur.
1870 2404 1969 2450 Solo

343 2486 521 2519 vomere
552 2476 682 2519 terra
713 2473 1031 2530 proscinditur
1043 2487 1067 2528 ;
1097 2475 1174 2520 sed
1201 2480 1251 2522 ut
1280 2476 1361 2522 hoc
1388 2477 1496 2535 fieri
1519 2477 1676 2536 possit,
1705 2479 1846 2524 etiam
1887 2491 1968 2524 σω·

340 2549 446 2591 tera
476 2546 634 2591 aratri
664 2545 867 2590 membra
891 2549 995 2591 sunt
1019 2550 1297 2595 necessaria.
1327 2548 1522 2607 Propter
1545 2549 1819 2608 secundum,
1845 2549 1968 2595 idem
2046 2565 2049 2567 ·

344 2618 408 2664 ait
440 2617 488 2663 in
517 2618 633 2663 libro
665 2617 719 2662 de
751 2619 980 2664 Doctrina
1011 2620 1284 2675 christiana,
1318 2620 1512 2679 loquens
1541 2621 1598 2667 de
1636 2620 1710 2667 illo
1758 2620 1883 2667 aliud
1919 2620 1968 2668 in

344 2690 596 2749 Scripturis
626 2690 800 2737 sentire
831 2703 970 2749 quam
1000 2692 1074 2737 ille
1106 2693 1185 2752 qui
1215 2693 1398 2753 scripsit
1429 2707 1521 2752 eaS,
1564 2693 1691 2753 dicit,
1733 2695 1859 2754 quod
1900 2695 1967 2742 ita

342 2764 530 2822 fallitur,
560 2777 614 2810 ac
643 2764 680 2810 si
711 2763 952 2824 quisquam
983 2764 1198 2813 deserens
1227 2766 1368 2825 viam,
1400 2778 1453 2813 eo
1487 2772 1642 2813 tamen
1670 2778 1755 2826 per
1796 2777 1971 2827 gyrum
2048 2819 2054 2827 ι
