2054 3262
281 178 367 224 332
872 186 1015 221 LIBER
1045 186 1304 226 SECUNDUS.

282 281 381 326 nis:
415 292 614 338 quorum
638 280 754 327 alter
778 293 861 339 pro
886 282 1031 328 salute
1057 283 1216 340 patriae
1239 283 1399 329 mortis
1427 283 1640 330 tenebras
1670 295 1764 330 non
1792 285 1897 331 hor·

282 354 393 410 ruit,
433 355 562 413 alter,
603 361 655 401 ut
695 358 869 402 mundo
907 357 1139 407 libertatis
1168 370 1369 404 amorem
1408 358 1698 415 accenderet,
1738 360 1902 417 quanti

282 427 467 474 libertas
493 434 612 475 esset
637 431 851 488 ostendit,
871 432 982 477 dum
1003 444 1028 478 e
1052 432 1149 479 vita
1171 433 1286 478 liber
1311 432 1535 478 decedere
1558 431 1737 487 maluit,
1758 443 1900 490 quam

284 500 381 545 sine
405 500 615 547 libertate
654 514 892 548 remanere
924 503 971 549 in
1002 504 1088 549 illa.
1130 504 1302 550 Horum
1337 504 1542 549 omnium
1573 514 1743 567 nomen
1773 515 1903 561 egre-

283 572 409 630 gium
433 585 549 620 voce
576 574 691 620 Tulli
712 574 964 631 recalescit,
991 576 1039 620 in
1063 576 1116 620 iis
1142 587 1245 634 quae
1270 576 1321 620 de
1348 576 1464 619 Fine
1485 575 1717 621 bonorum.
1743 574 1898 633 Inquit

285 647 408 691 enim
436 647 610 693 Tullius
634 649 719 694 hoc
745 650 799 694 de
826 649 1002 695 Deciis:
1034 651 1226 695 Publius
1252 650 1430 702 Decius,
1447 650 1668 706 princeps
1691 649 1740 694 in
1764 661 1818 694 ea
1832 649 1903 706 fa-

283 721 434 774 milia,
472 722 643 775 consul,
677 734 780 766 cum
800 733 845 766 se
869 721 1113 775 devoveret,
1157 724 1196 765 et
1235 733 1342 779 equo
1382 721 1579 765 admisso
1619 721 1670 766 in
1709 721 1908 766 mediam

283 796 431 839 aciem
469 795 743 839 Latinorum
775 795 1012 847 irrueret,·
1050 806 1160 839 num
1185 792 1366 851 aliquid
1396 792 1449 838 de
1478 792 1782 850 voluptatibus
1811 795 1908 839 suis

284 866 521 923 coqitabat,
562 867 639 911 ubi
678 879 754 911 eas
793 870 987 923 caperet,
1019 869 1099 909 aut
1121 865 1317 924 quando,
1364 877 1464 910 cum
1503 866 1639 911 sciret
1673 866 1907 923 confestim
1980 918 1983 921 ‚

281 952 371 986 csse
395 941 696 995 moriendum,
728 953 910 999 eamque
926 944 1113 984 mortem
1132 939 1396 984 ardentiore
1411 938 1559 984 studio
1570 941 1752 996 peteret,
1769 953 1908 998 quam

282 1017 517 1074 Epicurus
557 1017 831 1073 voluptatem
874 1015 1109 1071 petendam
1148 1014 1366 1071 putavit?
1418 1013 1544 1067 Quod
1590 1011 1770 1072 quidem
1811 1013 1906 1068 ejus

217 1084 221 1089 ’
281 1090 454 1146 factum
477 1090 572 1134 nisi
609 1092 716 1133 esset
741 1089 854 1143 jure
880 1087 1134 1141 laudatum,
1177 1099 1267 1131 non
1310 1086 1469 1143 suisset
1507 1085 1710 1130 imitatus
1743 1087 1907 1143 quarto

284 1161 521 1206 consulatu
546 1173 625 1206 suo
642 1161 804 1217 filius;
828 1172 965 1218 neque
991 1171 1131 1216 porro
1152 1172 1210 1204 ex
1229 1172 1277 1204 eo
1302 1163 1451 1212 natus,
1480 1170 1584 1203 cum
1608 1157 1795 1215 Pyrrho
1820 1156 1907 1202 bel·
1930 1192 1935 1203 .

283 1235 377 1280 lum
409 1247 568 1293 aereus
604 1232 774 1287 consul,
801 1246 848 1278 eo
874 1232 1104 1277 cecidisset
1142 1233 1193 1275 in
1222 1231 1403 1288 proeli0,
1443 1242 1572 1288 seque
1596 1232 1635 1274 et
1661 1230 1908 1275 continenti

281 1323 442 1368 uenere
465 1311 650 1354 tertiam
674 1310 908 1354 victimam
934 1306 1197 1362 reipublicae
1229 1304 1476 1349 tribuisset.
1509 1302 1560 1355 111
1584 1301 1638 1347 iis
1664 1313 1776 1348 vero
1801 1312 1907 1358 quae

282 1384 336 1428 de
369 1382 552 1440 Officiis,
577 1381 632 1425 de
656 1380 824 1425 Catone
851 1379 1028 1425 dicebat
1048 1392 1057 1423 :
1087 1381 1189 1426 Non
1210 1380 1332 1422 enim
1349 1378 1450 1422 alia
1474 1379 1523 1421 in
1545 1386 1687 1421 causa
1709 1376 1770 1422 M.
1802 1375 1908 1419 Cato

281 1457 384 1513 suit,
412 1455 513 1499 alia
551 1453 718 1507 coeteri,
743 1452 884 1511 quise
909 1453 960 1495 in
990 1450 1160 1508 Africa
1202 1450 1374 1494 Coesari
1414 1448 1741 1493 tradiderunt:
1779 1451 1911 1505 atque

284 1525 459 1573 coeteris
481 1529 643 1584 forsan
668 1526 778 1570 vitio
803 1523 960 1569 datum
983 1526 1104 1577 esset,
1140 1523 1182 1567 si
1205 1534 1250 1566 se
1290 1522 1635 1577 interemissent,
1661 1523 1910 1578 propterea

283 1599 399 1658 quod
424 1600 570 1643 levior
595 1609 753 1642 eorum
777 1597 887 1648 vita,
913 1598 953 1639 et
975 1606 1122 1638 mores
1141 1594 1329 1650 luerunt
1351 1594 1603 1650 faciliores.
1627 1594 1786 1640 Catoni
1802 1606 1908 1639 vero

281 1674 390 1718 dum
423 1671 742 1718 incredibilem
772 1674 949 1715 natura
980 1669 1210 1714 tribuisset
1230 1669 1518 1725 qravitatem,
1544 1681 1727 1727 eamque
1750 1678 1909 1725 perpe-

281 1752 362 1794 tua
402 1747 656 1793 constantia
695 1745 962 1799 roborasset,
1003 1756 1260 1803 semperque
1292 1746 1343 1789 in
1363 1745 1594 1802 proposito
1631 1746 1911 1800 susceptoque

284 1822 476 1867 consilio
499 1821 838 1877 permansisset,
863 1818 1151 1864 moriendum
1173 1819 1216 1863 ei
1235 1817 1401 1875 potius,
1425 1829 1563 1877 quam
1593 1817 1792 1874 tyranni
1810 1815 1912 1861 vul-

280 1898 352 1940 tus
382 1892 675 1949 aspiciendus
702 1890 825 1949 suit.¹

373 1964 396 2028 ᾗ
424 1966 493 2011 VI
521 1966 803 2010 Declaranda
828 1965 970 2021 igitur
995 1965 1085 2010 duo
1110 1971 1249 2011 sunt:
1278 1977 1477 2024 quorum
1501 1977 1651 2010 unum
1676 1969 1761 2020 est,
1783 1962 1909 2021 quod

281 2041 564 2099 quicumque
597 2039 771 2083 bonum
811 2037 1077 2094 reipublicae
1109 2038 1324 2095 intendit,
1357 2037 1497 2085 finem
1529 2037 1647 2096 Juris
1675 2036 1904 2084 intendit:

281 2114 408 2159 aliud
433 2117 518 2168 est,
550 2112 676 2170 quod
705 2123 921 2157 romanus
952 2112 1162 2169 populu3,
1193 2112 1477 2169 subjiciendo
1507 2111 1592 2158 sibi
1621 2111 1796 2167 orbem,
1829 2110 1907 2156 ho-

279 2200 395 2234 num
436 2186 674 2244 publicum
713 2185 926 2231 intendit.
965 2186 1099 2232 Nunc
1130 2192 1352 2243 arguatur
1391 2185 1449 2230 ad
1488 2185 1775 2244 propositum
1811 2185 1906 2231 sic:
1952 2183 1954 2185 ’

281 2260 570 2316 Quicumque
602 2257 740 2302 finem
759 2256 877 2314 juris
902 2257 1116 2314 intendit,
1145 2271 1253 2304 cum
1280 2258 1386 2316 jure
1419 2257 1656 2316 graditur:
1687 2270 1906 2305 romanus

277 2332 491 2391 populus,
522 2330 803 2387 subjiciendo
833 2330 916 2374 sibi
948 2331 1122 2386 orbem,
1167 2330 1307 2376 finem
1333 2331 1451 2387 juris
1481 2329 1697 2387 intendit,
1727 2335 1782 2376 ut
1811 2341 1908 2375 ma·

278 2404 447 2450 nifeste
480 2414 562 2461 per
592 2402 829 2460 superiora
860 2401 908 2445 in
938 2403 1023 2447 isto
1057 2402 1256 2461 capitulo
1288 2409 1357 2449 est
1388 2403 1661 2462 probatum:
1695 2414 1803 2460 ergo
1833 2414 1906 2448 ro-

278 2489 442 2523 manus
467 2477 664 2534 populus
691 2475 976 2532 subjiciendo
1001 2476 1083 2522 sibi
1115 2478 1290 2533 orbem,
1318 2490 1425 2524 cum
1451 2476 1554 2534 jure
1577 2476 1664 2523 hoc
1686 2475 1826 2531 fecit3
1854 2480 1905 2521 et

277 2564 359 2610 per
385 2562 687 2608 consequenS,
715 2551 772 2595 de
797 2549 901 2606 jure
927 2549 1011 2594 sihi
1036 2550 1231 2596 adscivit
1263 2550 1444 2608 imperii
1476 2549 1759 2607 dignitatem.
1794 2549 1907 2603 Quae

276 2622 510 2669 conclusio
535 2635 595 2668 ex
618 2622 830 2668 omnibus
863 2621 1109 2667 manifestis
1132 2622 1253 2668 illata
1285 2629 1369 2669 est.
1404 2621 1694 2668 Manifestum
1725 2626 1794 2667 est
1825 2632 1906 2666 au·

278 2702 369 2742 tem
395 2696 521 2753 quod
546 2695 745 2741 dicitur:
779 2695 902 2753 quod
927 2694 1210 2752 quicumque
1237 2693 1377 2740 [inem
1399 2694 1516 2752 Juris
1547 2692 1764 2750 intendit,
1798 2704 1907 2738 cum

306 2833 322 2859 1
349 2832 452 2868 Varii
487 2831 590 2876 degli
625 2830 740 2865 stessi
775 2828 859 2864 fatti
895 2838 915 2863 e
940 2837 1047 2874 argo·
1124 2828 1260 2871 portati
1286 2828 1323 2862 in
1340 2836 1487 2872 campo,
1514 2825 1646 2861 turono
1662 2827 1708 2861 da
1735 2825 1787 2861 lui
1810 2825 1911 2870 ripe-

265 2884 398 2929 menti,
433 2885 502 2917 che
528 2886 564 2916 in
602 2883 739 2926 questo
764 2890 784 2916 e
821 2880 883 2916 nel
920 2889 1050 2924 preee-
1121 2878 1190 2911 tuti
1225 2877 1396 2912 eziandio
1423 2877 1485 2913 nel
1511 2876 1628 2912 Tratt.
1669 2876 1735 2921 lv,
1760 2883 1844 2921 cap.
1868 2875 1908 2921 ὃ,

265 2933 377 2969 niente
410 2931 604 2978 paragrafo
634 2940 729 2967 sono
759 2930 1044 2975 dawAlighieri
1118 2929 1180 2965 del
1208 2930 1371 2965 Convito.

2008 407 2054 782 temneat-xmae&
2015 387 2042 401 '¹'
2026 375 2030 379 ’
