2054 3262
307 144 395 190 406
754 135 756 137 ’
929 154 1074 192 Lmen
1104 156 1320 194 Tannus,

306 244 513 290 cundum
544 245 750 292 revelata
779 246 1034 294 humanum
1065 260 1210 306 genus
1241 250 1519 308 perduceret
1543 251 1601 298 ad
1627 251 1775 299 vitam
1800 256 1937 298 aeter·

307 329 412 362 nam
428 330 443 375 ,·
477 324 523 364 et
553 317 846 378 imperatore,
890 320 971 380 qui
1009 323 1268 368 secundum
1310 323 1616 381 philosophica
1654 323 1935 370 documenta

305 403 450 449 genus-
480 393 736 439 humanum
766 395 824 440 ad
854 396 1154 453 temporalem
1183 396 1453 442 felicitatem
1478 396 1711 453 dirigeret.
1738 395 1800 442 Et
1826 409 1933 442 cum

304 468 360 512 aui
389 467 514 514 hune
544 474 732 526 portum
762 469 839 516 vel
871 470 1000 526 nulli,
1035 470 1111 517 vel
1146 470 1301 528 pauci,
1334 475 1381 516 et
1420 469 1465 514 hi
1508 481 1616 515 eum
1659 467 1934 516 difficultate

307 538 446 584 nimia
476 542 724 597 pervenire
755 541 948 599 possint,
979 542 1083 600 nisi,
1116 543 1285 588 sedatis
1310 541 1528 589 fluctibus
1553 541 1734 588 blandae
1757 542 1935 600 cupidi-

309 612 433 669 tatiS,
454 625 602 670 genus
620 613 875 661 humanum
899 615 1098 661 liberum
1126 617 1172 663 in
1199 616 1322 674 pacis
1350 615 1682 674 tranquillitate
1707 614 1914 674 quiescat
1919 629 1935 672 3

307 684 393 731 hoc
418 686 602 743 signum
623 693 691 733 est
711 688 839 745 illud,
865 689 921 734 ad
947 690 1072 747 quod
1093 690 1294 735 maxime
1320 689 1457 735 debet
1482 689 1726 735 intendere
1750 693 1937 734 curator

308 759 446 814 orbis,
478 759 557 816 qui
589 759 760 807 dicitur
790 774 1008 807 romanus
1033 761 1262 819 princeps,
1286 767 1340 807 ut
1365 761 1542 808 scilicet
1567 761 1615 806 in
1637 761 1789 808 areola
1812 773 1936 808 mor-

308 832 469 877 talium
507 833 649 879 libere
689 846 798 880 cum
838 847 950 892 pace
990 834 1198 881 vivatur.
1244 833 1454 892 Cumque
1495 833 1732 892 dispositio
1771 833 1936 878 mundi

306 906 442 964 hUJ'us
468 907 810 965 dispositionem
835 908 1142 954 inhaerentem
1167 909 1389 955 caelorum
1416 907 1755 954 circumlationi
1779 919 1935 965 sequa-

309 986 402 1038 tur,
433 994 622 1028 necesse
647 987 717 1027 est
742 983 798 1027 ad
822 982 925 1038 hoc,
951 988 1004 1027 ut
1031 981 1159 1028 utilia
1185 983 1465 1029 documenta
1490 981 1718 1028 libertatis
1741 986 1789 1027 et
1813 980 1937 1039 pacis

308 1053 548 1098 commode
587 1053 698 1099 locis
738 1059 785 1099 et
818 1054 1106 1111 temporibus
1137 1054 1444 1113 applicentur,
1476 1054 1565 1101 ista
1597 1053 1848 1113 dispensari
1878 1053 1937 1099 ab

306 1124 381 1171 illo
408 1132 638 1183 curatore,
662 1127 743 1186 qui
767 1128 957 1173 totalem
980 1128 1205 1175 coeiorum
1223 1129 1566 1186 dispositionem
1583 1127 1937 1187 praesentialiter

307 1199 534 1245 intuetur.
565 1200 650 1246 Hic
680 1207 836 1246 autem
870 1207 939 1247 est
971 1201 1094 1246 solus
1125 1201 1212 1259 ille,
1246 1202 1325 1259 qui
1359 1203 1478 1248 hanc
1502 1201 1855 1260 praeordinavit,
1881 1207 1935 1246 ut

306 1285 390 1331 per
410 1273 553 1330 ipsam
574 1275 841 1331 providenS,
862 1274 956 1319 suis
982 1275 1219 1321 ordinibus
1241 1286 1441 1333 quaeque
1466 1280 1785 1323 connecteret.
1805 1275 1936 1331 Quod

307 1345 344 1391 si
375 1345 438 1391 ita
471 1352 556 1402 est,
587 1347 710 1393 solus
743 1348 867 1405 eligit
911 1349 1052 1406 DeuS,
1083 1349 1206 1394 solus
1237 1349 1334 1407 ipse
1366 1347 1627 1406 confirmat,
1658 1361 1767 1396 eum
1798 1360 1935 1406 supc-

306 1419 477 1465 riorem
507 1431 603 1465 non
631 1420 812 1467 habeat.
844 1420 918 1466 Ex
948 1433 1040 1478 quo
1070 1421 1227 1467 haberi
1264 1427 1417 1479 potest
1451 1422 1660 1479 ulteriuS,
1691 1422 1819 1480 quod
1848 1433 1937 1468 nec

304 1490 378 1536 isti
412 1491 494 1548 qui
522 1504 668 1548 nunc,
703 1504 791 1538 nec
811 1492 886 1538 alii
911 1493 1248 1551 cujuscumque
1273 1494 1396 1539 modi
1423 1494 1533 1541 dicti
1554 1500 1666 1541 sunt
1693 1494 1934 1551 electoreS,

306 1565 373 1610 sic
395 1565 580 1611 dicendi
602 1571 738 1622 sunt;
764 1567 878 1624 quin
894 1566 1047 1624 potius
1065 1567 1420 1614 denunciatores
1436 1567 1607 1614 divinae
1624 1567 1934 1626 providentiae

306 1646 416 1686 sunt
456 1640 670 1687 habendi.
712 1641 841 1686 Unde
880 1639 949 1697 fit,
982 1641 1106 1699 quod
1137 1640 1381 1698 aliquando
1412 1640 1650 1699 patiantur
1681 1639 1934 1695 dissidium,

304 1714 475 1771 quibus
507 1713 817 1760 denunciandi
848 1713 1044 1772 dignitas
1074 1720 1143 1761 est
1174 1715 1381 1762 indulta:
1414 1714 1490 1762 vel
1522 1714 1630 1774 quia
1658 1725 1835 1771 omneS,
1859 1714 1936 1761 vel

305 1786 413 1844 quia
453 1785 639 1843 quidam
681 1798 861 1844 eorum,
897 1787 1066 1833 nebula
1107 1787 1375 1847 cupiditatis
1415 1786 1723 1845 obtenebrati,
1763 1787 1935 1835 divinae

306 1858 656 1915 dispensationis
697 1859 859 1905 faciem
904 1871 998 1905 non
1034 1860 1322 1908 discernunt.
1366 1861 1443 1908 Sic
1483 1873 1594 1918 ergo
1630 1866 1777 1920 patet,
1809 1861 1935 1919 quod

305 1933 557 1978 auctoritas
588 1933 850 1990 temporalis
880 1934 1160 1990 monarchae,
1192 1935 1292 1980 sine
1322 1935 1415 1981 ullo
1440 1934 1609 1990 medio,
1630 1934 1680 1980 in
1701 1934 1854 1992 ipsum
1878 1934 1934 1980 de

303 2007 432 2053 fonte
463 2007 737 2054 universalis
766 2007 1056 2054 auctoritatis
1087 2007 1339 2054 descendit.
1383 2008 1471 2065 Qui
1512 2008 1701 2066 quidem
1740 2007 1841 2054 fons
1885 2007 1932 2053 in

305 2093 412 2129 arce
443 2093 540 2126 suae
572 2081 875 2138 simplicitatis
904 2081 1079 2136 unituS,
1112 2082 1160 2128 in
1190 2082 1472 2140 multiplic-es
1496 2081 1654 2129 alveos
1676 2079 1847 2138 influit,
1873 2093 1935 2130 ex

304 2155 585 2202 abundantia
617 2155 834 2201 bonitatis
865 2155 1051 2201 divinae.
1085 2155 1144 2201 Et
1171 2155 1266 2212 jam
1296 2157 1405 2202 satis
1434 2155 1598 2203 videor
1621 2161 1796 2202 metam
1826 2154 1932 2200 atti-

305 2228 422 2285 gisse
460 2227 756 2285 propositam.
797 2227 1055 2274 Enucleata
1093 2241 1293 2287 namque
1334 2228 1510 2275 veritas
1545 2233 1620 2274 est
1665 2229 1935 2288 quaestionis

305 2301 442 2358 illiuS,
473 2314 565 2359 qua
595 2303 910 2360 quaerebatur,
942 2309 1104 2349 utrum
1134 2303 1193 2350 ad
1227 2303 1348 2350 bene
1385 2314 1484 2350 esse
1523 2303 1687 2350 mundi
1725 2315 1934 2351 necessa-

305 2374 429 2421 rium
459 2379 579 2421 esset
611 2375 888 2422 monarchiae
916 2375 1122 2423 officium
1134 2390 1149 2435 3
1176 2390 1230 2424 ac
1255 2377 1392 2434 illius,
1418 2389 1511 2435 qua
1534 2376 1850 2435 quaerebatur,
1875 2389 1934 2423 an

304 2458 523 2493 romanus
553 2446 751 2505 populus
783 2448 838 2492 de
867 2447 971 2505 jure
1002 2449 1250 2507 imperium
1279 2449 1364 2494 sibi
1394 2448 1674 2506 adsciverit3
1711 2460 1800 2494 nec
1838 2461 1932 2495 non

305 2519 425 2565 illius
450 2519 644 2577 ultimae,
670 2532 761 2579 qua
786 2521 1100 2579 quaerebatur,
1125 2534 1184 2568 an
1205 2522 1466 2568 monarchae
1492 2521 1746 2568 auctoritas
1769 2532 1796 2565 a
1819 2520 1933 2577 Dee,

304 2591 382 2639 vel
399 2592 456 2636 ab
477 2591 562 2638 alio
589 2592 869 2651 dependeret
895 2593 1174 2641 immediate.
1204 2594 1316 2650 Quae
1342 2595 1531 2653 quidem
1558 2594 1732 2640 veritas
1756 2593 1932 2639 ultimae

307 2666 576 2726 quaestionis
599 2664 695 2714 non
721 2667 787 2714 sic
810 2667 974 2714 stricte
999 2667 1264 2727 recipienda
1289 2674 1373 2726 est,
1396 2673 1450 2714 ut
1475 2679 1693 2715 romanus
1717 2667 1934 2727 princeps
