2054 3262
238 173 243 178 ·
285 157 372 204 214
874 171 1017 212 menn
1051 173 1310 214 SECUNDUS.

374 264 475 310 Rex
499 263 733 312 Navarriae
753 281 762 312 :
783 266 797 291 ¹

618 370 634 386 ι
660 355 714 391 De
741 355 792 392 fin
821 365 934 394 Amor
964 357 996 394 si
1025 357 1125 393 vient
1153 369 1218 393 sen
1246 363 1284 394 et
1311 359 1436 396 bonite.
1465 374 1483 391 n

290 442 370 491 Ubi
409 444 446 489 si
485 446 803 493 consideretur
832 454 1068 504 accentuS,
1100 454 1146 493 et
1168 439 1275 504 'ejus
1307 460 1457 505 causa,
1498 449 1903 509 endecasyllabum

288 526 386 563 esse
411 519 650 563 constabit.

378 589 522 636 Guido
549 591 787 637 Guinizelli
806 606 815 636 :

621 699 639 716 ι
665 684 703 719 Al
733 695 824 720 cuor
853 685 972 733 gentil
999 684 1128 733 ripara
1156 694 1307 733 scmpre
1333 692 1480 721 Amore.
1508 700 1526 717 ι

374 776 527 822 Judex
553 777 608 821 de
636 776 865 823 Columnis
891 779 945 823 de
972 778 1163 823 Messina
1183 792 1192 822 :
1212 777 1230 802 ²

624 883 640 899 α
665 866 793 912 Amor,
819 868 887 904 che
916 868 1172 916 lougiameute
1201 869 1252 904 m’
1272 868 1334 905 liai
1363 873 1523 906 menato.
1548 883 1568 902 n

375 960 605 1006 Renaldus
631 962 686 1006 de
712 961 892 1019 Aquino
912 977 922 1008 :

622 1068 637 1083 α
665 1051 735 1086 Pei·
763 1050 838 1087 fino
865 1050 1002 1088 Amore
1030 1062 1075 1088 vo
1103 1052 1135 1088 si
1165 1051 1396 1089 lieiamenie.
1422 1068 1440 1085 υ

378 1142 520 1191 Cinus
545 1145 827 1202 pistoriensis
846 1160 855 1191 :
898 1134 901 1135 ⁷

625 1250 641 1265 α
670 1235 746 1270 Non
774 1245 885 1283 spero
913 1234 981 1272 che
1007 1236 1187 1285 giammai
1215 1248 1284 1285 per
1311 1238 1387 1275 mia
1414 1240 1546 1278 salute.
1571 1254 1590 1274 ο

375 1330 565 1376 Amicus
592 1330 687 1388 ejus
706 1345 716 1375 :

620 1437 637 1453 ιι
663 1422 790 1467 Amor,
818 1422 886 1458 che
914 1422 1041 1460 muovi
1068 1428 1134 1460 tua
1166 1422 1268 1460 vii-lu
1296 1423 1356 1460 dal
1384 1420 1512 1460 cielo.³
1537 1439 1554 1456 ι

288 1513 347 1559 Et
371 1514 478 1559 licet
502 1514 588 1560 hoc
614 1515 1012 1573 endecasyllabum
1036 1516 1387 1562 celeberrimum
1411 1530 1612 1573 carmen,
1637 1523 1692 1564 ut
1724 1518 1902 1563 dictum

288 1593 374 1641 est,
401 1585 617 1631 videatur
641 1586 847 1631 omnium
871 1587 1079 1642 aliorum,
1104 1587 1142 1632 si
1167 1588 1435 1646 eptasyllabi
1455 1589 1694 1646 aliqualem
1717 1590 1906 1635 societa-

289 1664 383 1704 tem
408 1666 623 1716 assumat,
650 1660 894 1705 dummodo
916 1660 1226 1718 principatum
1243 1660 1461 1718 obtineat,
1484 1661 1651 1707 clarius
1672 1662 1907 1719 magisque

288 1742 474 1775 sursum
505 1731 742 1788 superbire
772 1731 960 1778 videtur
976 1746 990 1789 3
1022 1733 1104 1778 sed
1134 1734 1220 1778 hoc
1252 1732 1445 1778 ulterius
1477 1733 1800 1779 elucidandum
1838 1746 1910 1779 re-

289 1807 483 1848 maneat.
511 1802 570 1847 Et
596 1803 790 1848 dicimus
819 1804 1153 1862 eptasyllabum
1182 1794 1314 1861 sequi
1344 1805 1471 1862 illud,
1502 1806 1626 1864 quod
1654 1806 1908 1851 maximum

289 1879 358 1919 est
402 1874 450 1919 in
495 1875 775 1922 celebritate.
815 1877 923 1922 Post
962 1878 1047 1922 hoc
1078 1878 1445 1935 pentasyllabum
1485 1884 1532 1924 et
1563 1878 1725 1924 deinde
1757 1877 1908 1936 trysil—

288 1945 445 1991 labum
489 1947 766 1993 ordinamus,
813 1948 1199 2006 Enneasyllabum
1218 1950 1234 1972 ⁴
1287 1960 1428 2006 ver0,
1473 1949 1579 2007 quia
1626 1949 1908 2007 triplicatum

292 2019 582 2076 trisyllabum
626 2020 897 2076 videbatur,
937 2021 1013 2065 vel
1052 2032 1308 2076 numquam
1350 2020 1399 2065 in
1448 2020 1621 2067 honore
1669 2021 1782 2077 fuit,
1833 2022 1907 2068 vel

289 2099 479 2150 propter
504 2094 735 2139 fastidium
761 2093 955 2140 obsoluit
973 2108 987 2150 3
1019 2093 1314 2151 parisyllabos
1337 2105 1451 2140 vero
1475 2099 1666 2151 propter
1689 2093 1760 2139 sui
1786 2094 1912 2139 rudi-

291 2171 433 2210 tatem
458 2177 551 2210 non
576 2166 770 2223 utimur,
796 2165 881 2211 nisi
910 2165 1046 2222 raro}
1077 2166 1283 2211 retinent
1312 2165 1435 2211 enim
1466 2171 1682 2211 naturam
1719 2178 1912 2211 suorum

291 2250 612 2294 numerorum,
639 2238 717 2296 qui
749 2239 954 2284 numeris
991 2238 1255 2296 imparibuS,
1296 2238 1684 2295 quemadmodum
1721 2237 1911 2284 materia

290 2311 470 2367 formae,
495 2312 767 2357 subsistunt.
801 2312 860 2357 Et
891 2312 957 2357 sic
988 2311 1309 2367 recolligentes
1338 2311 1576 2368 praedicta,
1608 2309 1915 2368 endecasylla-
1983 2328 1990 2331 >

290 2383 402 2428 bum
419 2384 608 2430 videtur
629 2396 725 2429 esse
742 2383 1121 2441 superbissimum
1140 2395 1326 2428 carmen
1343 2396 1359 2439 3
1386 2388 1431 2428 et
1447 2383 1533 2428 hoc
1554 2387 1623 2427 est
1648 2382 1771 2440 quod
1792 2393 1916 2439 qute-

287 2456 518 2502 rebamus.
536 2456 670 2501 Nunc
686 2462 842 2502 autem
862 2462 1005 2501 restat
1027 2455 1400 2512 investigandum
1417 2455 1472 2501 de
1495 2453 1914 2500 constructionibus

329 2585 345 2612 1
370 2584 400 2621 ll
433 2594 474 2620 re
499 2585 537 2619 di
551 2585 721 2620 Navarra
749 2582 930 2627 Tebaldo,
947 2583 1064 2619 citato
1185 2579 1204 2605 δ
1228 2580 1364 2615 lnvece
1400 2578 1439 2614 di
1470 2578 1783 2623 enneasyllabum‚
1819 2580 1920 2615 nella

279 2642 378 2670 anco
408 2634 444 2669 al
472 2642 554 2677 cap.
583 2632 633 2669 lx
651 2633 712 2667 del
733 2631 830 2667 libro
848 2633 875 2666 1.
892 2632 947 2667 lvi
975 2633 1062 2667 vedl
1140 2629 1312 2665 edizione
1337 2627 1649 2670 florentina,dice
1667 2626 1693 2662 il
1709 2629 1831 2668 'roi-ri,
1849 2629 1919 2663 for-

280 2684 319 2720 la
337 2684 557 2719 traduzione
575 2682 633 2717 del
652 2690 777 2717 verso,
1138 2689 1181 2715 se
1215 2689 1279 2722 per
1312 2688 1441 2714 errore
1471 2677 1704 2723 tipografico,
1733 2677 1754 2713 ὸ
1782 2680 1918 2714 scritto

329 2732 348 2758 ²
370 2733 411 2767 de
433 2732 604 2773 Messina,
620 2730 684 2775 pili
713 2733 942 2766 rcttamente
960 2731 998 2766 in
1011 2740 1060 2766 un
1138 2729 1462 2772 endecasyllabum.
1487 2729 1546 2763 Ma
1573 2736 1669 2763 anco
1694 2728 1762 2772 qui
1794 2727 1918 2773 (come

283 2782 426 2818 Codice
444 2780 588 2825 leggesi
606 2780 646 2814 de
662 2779 842 2814 Messana.
945 2804 949 2808 .
1139 2787 1233 2823 pure
1264 2778 1424 2818 aurove,
1457 2776 1502 2812 ne
1535 2775 1636 2812 staro
1652 2786 1673 2811 a
1691 2777 1794 2813 farne
1813 2786 1920 2822 paro-

329 2830 347 2858 ³
375 2823 402 2866 E
431 2831 466 2866 la
482 2839 649 2865 canzone
665 2829 703 2864 di
732 2830 849 2866 Dante
868 2832 976 2874 posta
999 2829 1061 2865 uel
1140 2827 1191 2873 le)
1208 2830 1348 2873 questo
1367 2835 1497 2863 errore
1517 2835 1588 2861 non
1608 2827 1740 2861 esiste.

282 2881 510 2917 Canzoniere
525 2879 583 2915 col
604 2888 706 2916 num.
721 2879 804 2915 ΧΗ.
