2054 3262
249 154 340 200 282
881 159 1024 196 LIBER
1054 159 1247 198 PRIMUS.

249 268 359 314 quae
392 260 501 301 sunt
531 255 590 302 ad
619 253 776 312 finem,
806 254 864 301 ab
896 254 989 312 ipso
1020 254 1111 301 fine
1141 261 1376 303 sumatur:
1405 269 1512 303 nam
1535 257 1621 304 alia
1645 257 1734 304 erit
1754 254 1872 304 ratio

251 326 484 372 incidendi
514 326 692 383 lignum
722 332 912 385 propter
943 327 1131 373 domum
1163 329 1539 386 construendam,
1574 335 1620 376 et
1651 329 1736 376 alia
1767 341 1872 388 pro-

252 405 357 457 pter
388 399 558 446 navim.
601 399 717 445 Illud
749 400 908 457 igitur,
940 401 978 446 si
1018 401 1137 459 quid'
1167 407 1236 447 est
1272 402 1397 460 quod
1436 403 1494 449 sit
1535 402 1640 449 finis
1679 402 1872 448 ultimus

253 472 486 519 civilitatis
501 473 687 518 humani
705 474 901 530 generis,
921 474 1008 519 erit
1025 475 1111 520 hoc
1127 475 1423 533 principium,
1450 488 1533 533 per
1554 475 1679 533 quod
1701 473 1869 528 omnia,

250 558 358 603 quae
390 545 579 591 inferius
609 546 843 603 probanda
864 552 991 602 sunt,
1015 552 1154 592 erunt
1178 547 1416 593 manifesta
1441 546 1741 594 sufficienter.
1761 543 1872 590 Esse

247 624 409 664 autem
457 618 596 663 finem
640 617 776 674 hujus
820 619 1056 665 civilitatis
1102 625 1148 665 et
1195 619 1329 676 illiuS,
1361 627 1408 667 et
1453 633 1548 667 non
1591 630 1691 664 esse
1724 627 1871 663 unum

251 691 459 738 omnium
489 691 644 748 finem,
676 692 887 737 arbitrari
919 693 1116 738 stultum
1147 698 1229 738 est.

340 762 364 825 §
396 765 467 810 IV.
501 765 635 810 Nunc
664 769 822 809 autem
852 763 1105 809 videndum
1136 770 1221 820 est,
1254 765 1365 822 quid
1395 766 1453 811 sit
1484 765 1587 810 finis
1618 762 1761 809 totius
1790 762 1873 807 hu-

250 849 401 882 manae
443 836 702 882 civilitatis:
744 847 836 893 quo
875 835 990 892 viso,
1023 836 1267 894 plusquam
1309 837 1548 883 dimidium
1582 835 1750 882 laboris
1781 833 1870 879 erit

255 916 556 966 transactum,
574 908 707 966 juxta
732 908 1048 965 philosophum
1069 909 1126 953 ad
1149 909 1490 955 Nicomachum.
1517 909 1577 954 Et
1602 909 1660 954 ad
1682 906 1871 953 eviden-

252 982 364 1028 tiam
395 981 492 1038 ejus
523 982 646 1038 quod
677 981 921 1038 quaeritur,
952 981 1305 1038 advertendum,
1332 981 1456 1039 quod
1481 979 1872 1038 quemadmodum

255 1060 322 1100 est
354 1053 456 1098 finis
486 1053 650 1110 aliquis
680 1053 739 1097 ad
769 1065 908 1110 quem
946 1059 1110 1099 natura
1148 1054 1363 1111 producit
1406 1054 1632 1111 pollicem,
1672 1057 1720 1098 et
1759 1051 1872 1096 alius

248 1129 308 1174 ah
338 1129 425 1173 hoc
456 1128 511 1172 ad
544 1138 683 1184 quem
715 1138 905 1171 manum
937 1132 1097 1183 totam,
1134 1133 1181 1172 et
1224 1139 1388 1173 rursus
1418 1128 1535 1173 alius
1577 1126 1640 1172 ab‘
1673 1129 1874 1181 utroque

251 1200 310 1246 ad
339 1212 478 1258 quem
509 1199 761 1255 brachium,
793 1198 1001 1255 aliusque
1032 1199 1087 1244 ab
1119 1199 1333 1245 omnihus
1365 1200 1424 1245 ad
1454 1211 1593 1257 quem
1619 1203 1771 1244 totum
1795 1197 1874 1240 ho·
1931 1183 1935 1195 ¹

253 1273 424 1317 minem
432 1285 446 1327 3
470 1271 535 1316 sic
555 1270 669 1315 alius
695 1276 763 1315 est
789 1269 907 1326 finis,
933 1271 990 1314 ad
1016 1283 1154 1327 quem
1179 1270 1460 1328 singularem
1484 1270 1732 1327 hominem,
1758 1269 1874 1314 alius

249 1346 309 1390 ad
340 1355 481 1401 quem
510 1342 688 1388 ordinat
722 1342 1019 1387 domesticam
1060 1343 1456 1399 communitatem,
1487 1343 1603 1388 alius
1646 1342 1705 1387 ad
1733 1353 1874 1399 quem

252 1417 486 1473 viciniam,
516 1416 631 1461 alius
660 1417 718 1461 ad
747 1416 888 1473 quem
913 1416 1169 1472 civitatem,
1196 1422 1243 1462 et
1268 1417 1383 1462 alius
1406 1416 1464 1461 ad
1489 1427 1627 1474 quem
1652 1426 1872 1472 regnum:

250 1497 299 1537 et
331 1491 529 1548 denique
559 1490 766 1545 ultimUS,
798 1489 856 1534 ad
886 1501 1026 1546 quem
1058 1489 1236 1535 utiliter
1266 1501 1414 1546 genus
1444 1489 1715 1545 humanum,
1748 1488 1873 1533 Deus

251 1569 457 1608 aeternus
497 1568 597 1608 arte
636 1575 734 1619 sua,
768 1574 874 1619 quae
916 1568 1082 1607 natura
1114 1569 1200 1619 est,
1232 1563 1281 1608 in
1312 1575 1410 1609 esse
1443 1563 1672 1621 producit.
1706 1562 1765 1608 Et
1796 1562 1872 1608 hic

252 1635 483 1692 quaeritur
501 1640 719 1693 tanquam
738 1633 1016 1691 principium
1040 1634 1349 1692 inquisitionis
1365 1634 1660 1681 directivum.
1675 1635 1873 1692 Propter

252 1707 378 1763 quod
409 1706 648 1751 sciendum
679 1707 841 1762 prim0,
867 1706 992 1762 quod
1017 1706 1140 1751 Deus
1165 1711 1212 1751 et
1238 1712 1404 1752 natura
1428 1706 1492 1752 nil
1518 1707 1874 1753 otiosumfacit:

254 1781 335 1825 sed
366 1779 587 1836 quicquid
617 1779 769 1836 prodit
801 1777 850 1822 in
882 1790 994 1834 esse,
1027 1784 1096 1824 est
1127 1779 1185 1824 ad
1215 1779 1415 1836 aliquam
1440 1781 1767 1838 operationem.
1797 1781 1876 1826 Mi-

255 1852 376 1897 nime
407 1852 531 1897 enim
563 1853 759 1897 essentia
792 1853 882 1898 ulla
914 1857 1069 1897 creata
1101 1852 1292 1898 ultimus
1317 1852 1422 1898 finis
1447 1851 1517 1899 est
1542 1852 1590 1898 in
1615 1852 1876 1899 intentione

254 1924 469 1980 creantis,
502 1924 549 1968 in
592 1930 821 1982 quantum
863 1937 1039 1982 creanS,
1071 1926 1151 1971 sed
1191 1927 1375 1985 propria
1406 1927 1618 1973 essentiae
1650 1927 1870 1984 operatio.

255 1998 381 2043 Unde
413 2004 498 2053 est,
530 1998 655 2053 quod
684 2008 778 2041 non
809 1997 1012 2054 operatio
1054 1998 1238 2054 propria
1277 2003 1470 2055 propter
1501 1998 1762 2054 essentiam,
1793 1998 1875 2043 sed

252 2072 353 2116 haec
383 2077 575 2128 propter
606 2070 728 2114 illam
759 2070 895 2115 habet
927 2076 980 2115 ut
1011 2070 1084 2115 sit.
1118 2070 1200 2115 Est
1231 2082 1340 2127 ergo
1371 2071 1520 2128 aliqua
1551 2071 1734 2128 propria
1767 2083 1874 2128 ope-

252 2144 368 2189 ratio
388 2143 603 2188 humanae
626 2141 958 2198 universitatiS,
975 2141 1030 2186 ad
1053 2153 1191 2199 quam
1214 2141 1310 2198 ipsa
1332 2141 1612 2188 universitas
1635 2141 1875 2187 hominum

253 2218 300 2262 in
331 2223 459 2263 tanta
483 2216 781 2261 multitudine
806 2215 1073 2260 ordinatur:
1099 2215 1157 2260 ad
1181 2227 1320 2272 quam
1345 2215 1533 2273 quidem
1558 2216 1873 2273 operationem

252 2302 341 2335 nec
370 2289 505 2333 homo
536 2299 673 2343 unUS,
699 2299 786 2332 nec
813 2287 975 2331 domus
999 2298 1107 2345 una,
1133 2298 1221 2332 nec
1247 2286 1433 2343 vicinia,
1460 2299 1548 2333 nec
1573 2283 1667 2332 u'na
1693 2286 1873 2344 civitas,

252 2375 339 2408 nec
369 2373 565 2418 regnum
595 2359 872 2418 particulare
897 2359 1161 2417 pertingere
1186 2365 1351 2417 potest.
1381 2360 1493 2416 Quae
1519 2365 1678 2408 autem
1703 2360 1762 2406 sit
1783 2360 1872 2416 illa,

252 2434 544 2481 manifestum
575 2432 670 2490 fiet,
710 2433 747 2478 si
788 2433 1006 2479 ultimum
1047 2433 1103 2479 de
1144 2433 1349 2491 potentia
1391 2434 1534 2479 totius
1574 2434 1873 2479 humanitatis

251 2515 482 2567 appareat.
517 2508 628 2553 Dico
659 2518 782 2564 ergO,
813 2505 937 2563 quod
967 2506 1092 2550 nulla
1122 2506 1195 2552 vis
1218 2519 1242 2550 a
1268 2505 1477 2563 pluribus
1501 2505 1653 2563 specie
1678 2505 1873 2552 diversis

252 2581 538 2640 participata,
559 2578 778 2624 ultimum
800 2582 868 2622 est
892 2577 947 2623 de
970 2577 1177 2634 potentia
1198 2576 1388 2634 alicujus
1408 2577 1606 2622 illorum.
1627 2577 1741 2632 Quia
1762 2589 1871 2623 cum

253 2654 363 2700 illud
393 2653 517 2711 quod
545 2650 868 2698 estultimvm
899 2649 1004 2705 tale,
1030 2649 1088 2694 sit
1116 2650 1472 2697 constitutivum
1497 2650 1682 2708 speciei,
1708 2663 1872 2708 seque·

251 2732 399 2782 retur,
432 2725 556 2784 quod
585 2736 679 2770 una
709 2721 902 2769 essentia
935 2722 1145 2781 pluribus
1169 2722 1412 2781 speciebus
1436 2729 1556 2769 esset
1580 2723 1871 2782 specificata;
