2054 3262
362 144 446 190 3⁵24
946 148 1089 185 Lmen
1119 149 1380 188 SECUNDUS.

359 245 417 291 Iis
447 244 600 301 itaque
630 242 688 288 ad
717 241 995 289 evidentiam
1020 243 1352 301 subassumptae
1379 244 1662 302 praenotatiS,
1696 244 1773 292 cui
1795 257 1890 292 non
1909 259 1979 292 sa-

362 319 420 364 tis
450 329 720 376 persuasum
749 322 834 374 est,
865 317 1041 363 romani
1072 318 1226 375 populi
1257 323 1450 375 patrem,
1487 323 1534 363 et
1577 330 1662 376 per
1693 330 1981 378 consequens

360 391 513 449 ipsum
544 389 780 448 populum,
805 389 1300 435 nobilissimum-fuisse
1330 390 1415 435 sub
1450 389 1602 435 coelo?
1631 389 1726 436 Aut
1758 403 1898 449 quem
1929 393 1978 438 in

362 465 436 511 illo
454 464 624 523 duplici
647 477 876 511 concursu
895 464 1126 522 sanguinis
1151 477 1176 510 a
1200 465 1401 522 qualibet
1418 465 1579 510 mundi
1602 471 1734 523 parte
1756 466 1807 513 in
1831 480 1980 514 unum
2033 463 2047 489 ⁸

362 539 533 597 virum,
564 537 904 598 praedestinatio
937 540 1089 586 divina
1120 539 1279 586 latebit
1308 540 1316 586 l

449 608 472 674 ἓ
505 611 576 658 IV.
607 611 723 657 Illud
746 624 945 670 quoque,
971 612 1095 669 quod
1125 613 1182 657 ad
1204 612 1275 657 sui
1300 611 1630 669 perfectionem
1653 612 1982 661 miraculorum
2025 624 2027 626 ·

363 683 574 742 suffragio
599 684 807 742 juvatur,
839 691 906 731 est
938 698 963 730 a
1003 685 1097 730 Deo
1128 685 1353 731 volitum:
1391 690 1437 730 et
1469 697 1551 742 per
1591 697 1894 744 consequens,
1927 688 1982 733 de

359 758 463 816 jure
495 758 561 805 fit.
594 759 653 804 Et
685 759 808 817 quod
838 759 923 804 ista
956 758 1046 804 sint
1083 771 1211 815 vera,
1243 764 1370 815 patet
1386 772 1400 815 3
1433 759 1538 816 quia
1568 759 1689 806 sicut
1721 760 1834 807 dicit
1869 762 1984 807 Tho-

362 845 459 879 mas
482 833 530 878 in
555 833 691 879 tertio
715 844 798 878 suo
830 837 993 878 contra
1023 834 1251 877 Gentiles:
1279 833 1566 879 Miraeulum
1590 837 1667 890 est,
1687 835 1804 893 quod
1817 840 1985 893 proeter

361 910 570 955 ordinem
606 912 656 954 in
696 909 829 954 rebus
865 909 1165 953 communiter
1191 908 1461 960 institutum,
1501 896 1818 968 divinitus‘fic.
1858 909 1992 955 Unde⁴

365 980 460 1038 ipse
489 982 669 1038 probat,
700 981 780 1026 soli
805 981 900 1026 Deo
925 985 1188 1037 competere
1208 979 1426 1025 miracula
1457 979 1650 1037 operari,
1681 981 1806 1038 quod
1826 987 1984 1028 aucto-

365 1054 502 1100 ritate
533 1054 698 1113 Moysis
737 1054 1010 1110 roboratur,
1054 1052 1132 1099 ubi
1174 1065 1281 1098 cum
1321 1058 1521 1099 ventum
1558 1058 1627 1098 est
1657 1053 1716 1098 ad
1747 1053 1984 1112 cynipheS,

364 1128 485 1185 magi
515 1128 762 1173 Pharaonis
793 1127 1080 1172 naturalibus
1104 1126 1338 1184 principiis
1358 1125 1604 1172 artificiose
1626 1132 1827 1184 utenteS,
1854 1134 1900 1174 et
1922 1129 1983 1174 ibi

366 1198 648 1256 deficientes,
681 1199 929 1245 dixerunt:
964 1198 1143 1256 Digitus
1174 1198 1254 1243 Dei
1287 1204 1355 1244 est
1379 1198 1466 1244 hic.
1503 1199 1548 1244 Si
1580 1189 1688 1256 ergo
1713 1199 1984 1247 miraculum

367 1278 437 1319 est
453 1273 713 1318 immediata
735 1272 937 1329 operatio
959 1271 1108 1329 primi,
1134 1271 1306 1328 absque
1332 1269 1654 1327 cooperatione
1677 1272 1985 1317 secundorum

365 1346 616 1403 agentium,
641 1351 694 1391 ut
721 1346 814 1403 ipse
841 1346 1032 1390 Thomas
1056 1344 1103 1388 in
1118 1344 1407 1402 praeallegato
1432 1343 1547 1389 libro
1571 1344 1735 1401 probat
1760 1343 1988 1391 sufficien-

370 1426 455 1476 ter,
488 1431 595 1465 cum
626 1418 673 1463 in
704 1419 911 1464 favorem
940 1415 1132 1473 alicujus
1151 1416 1460 1475 protenditur,
1491 1415 1616 1461 nefas
1646 1421 1715 1462 est
1746 1416 1913 1474 dicere,
1939 1418 1988 1462 il-

367 1492 448 1537 lud
479 1492 553 1537 cui
584 1492 649 1537 sic
678 1492 878 1547 favetur,
911 1502 1003 1535 non
1035 1501 1133 1535 esse
1171 1501 1197 1534 a
1237 1489 1347 1545 Dec,
1382 1494 1618 1547 tamquam
1647 1489 1989 1547 heneplacitum

366 1565 451 1611 sibi
479 1565 732 1623 provisum.
767 1565 916 1619 Quare
945 1575 1083 1609 suum
1109 1561 1518 1608 contradictorium
1549 1563 1802 1611 concedere
1838 1565 1988 1612 visum

368 1646 465 1686 est:
498 1650 743 1686 romanum
766 1636 1013 1695 imperium
1036 1637 1093 1682 ad
1109 1636 1179 1682 sui
1197 1635 1529 1693 perfectionem
1545 1636 1875 1684 miraculorum
1899 1639 1990 1684 suf-

368 1713 509 1770 fragio
541 1717 610 1758 est
640 1711 878 1768 adJutum:
912 1722 1020 1767 ergo
1049 1722 1072 1755 a
1105 1710 1200 1755 Deo
1232 1708 1460 1766 volitum3
1492 1715 1539 1755 et
1570 1721 1654 1768 per
1686 1722 1990 1769 consequenS,

371 1787 556 1845 dejure
597 1786 683 1832 fuit
723 1790 769 1831 et
811 1790 894 1830 est.
939 1785 1070 1840 Quod
1108 1790 1264 1830 autem
1295 1797 1379 1842 pro
1410 1796 1599 1832 romano
1628 1785 1819 1843 imperio
1858 1786 1991 1844 perfl-

371 1861 534 1907 ciendo
563 1859 781 1905 miracula
813 1859 935 1904 Deus
966 1858 1267 1915 protenderit,
1300 1857 1547 1904 illustrium
1586 1858 1832 1904 authorum
1865 1861 1992 1905 testi-

370 1933 535 1979 moniis
566 1932 905 1989 comprobatur.
950 1930 1063 1975 Nam
1102 1930 1188 1976 sub
1217 1930 1363 1976 Numa
1395 1929 1633 1987 Pompilio,
1675 1931 1879 1977 secundo
1909 1932 1995 1976 Ro-

371 2016 615 2051 manorum
646 2015 772 2060 rege,
805 2003 899 2048 ritu
934 2002 1182 2048 Gentilium
1211 2001 1516 2059 sacrificante,
1547 2002 1693 2048 ancile
1724 2002 1780 2049 de
1802 2003 1916 2049 coelo
1946 1993 2014 2050 in'

373 2077 538 2123 urbem
566 2088 592 2129 a
622 2076 718 2121 Deo
740 2075 928 2121 electam
962 2074 1195 2132 delapsum
1225 2074 1378 2131 fuisse,
1408 2074 1569 2121 Livius
1610 2075 1659 2120 in
1687 2075 1834 2133 prima
1863 2083 1994 2135 parte

377 2157 586 2198 testatur.
622 2149 760 2207 Cujus
789 2148 998 2194 miraculi
1022 2148 1238 2194 Lucanus
1257 2147 1306 2192 in
1331 2160 1452 2194 nono
1480 2149 1742 2196 Pharsalica
1770 2150 1996 2208 meminit,

373 2222 687 2271 incredibilem
717 2222 814 2266 vim
844 2222 1003 2276 austri,
1036 2233 1175 2280 quam
1204 2221 1349 2279 Libya
1378 2221 1569 2278 patitur,
1608 2221 1671 2268 ibi
1702 2222 1963 2269 describens
1979 2237 1994 2280 3

374 2297 436 2342 ait
462 2296 585 2341 enim
615 2294 710 2340 sic:
741 2294 819 2339 Sic
857 2295 945 2339 illa
984 2295 1182 2352 profecto
1219 2294 1440 2351 Sacrifico
1466 2294 1670 2340 cecidere
1700 2296 1871 2351 Numa,
1901 2309 1998 2355 quoe

374 2373 489 2417 lecta
509 2367 726 2423 juventus
754 2368 960 2413 Patricia
986 2368 1162 2413 cervice
1197 2370 1369 2412 movet:
1395 2368 1679 2423 spoliaverat
1697 2366 1875 2421 Auster,
1903 2368 1998 2413 Aut

375 2447 550 2492 Boreas
579 2441 767 2499 populos
799 2442 973 2487 ancilia
999 2445 1156 2486 nostra
1186 2442 1390 2498 serentes.
1428 2440 1636 2498 Cumque
1661 2439 1788 2496 Galli,
1819 2440 1996 2498 reliqua

376 2519 493 2566 urbe
508 2517 602 2576 jam
629 2521 775 2576 capta,
802 2516 950 2562 noctis
974 2514 1176 2562 tenebris
1203 2514 1375 2574 confisi,
1400 2513 1672 2575 Capitolium
1689 2513 1850 2561 furtim
1873 2513 1997 2560 subi-
