2054 3262
258 136 265 139 “
312 151 399 199 290
932 163 1074 203 Lmen
1101 167 1294 207 ramus·

397 251 421 316 g
453 254 560 301 VIII.
593 255 651 301 Et
682 257 802 303 sicut
832 268 880 303 se
909 258 1043 305 habet
1073 271 1177 317 pars
1205 260 1262 305 ad
1293 265 1457 316 totum,
1483 259 1549 306 sic
1574 259 1684 306 ordo
1707 257 1914 320 partialis

311 328 367 373 ad
400 329 597 375 totalem.
634 330 745 376 Pars
775 332 832 376 ad
863 337 1013 378 totum
1043 346 1090 378 se
1120 334 1270 390 hahet,
1301 334 1420 379 sicut
1454 334 1511 379 ad
1549 333 1688 378 finem
1717 337 1763 379 et
1794 330 1907 388 opti-

311 410 452 443 mum.
471 399 591 456 Ergo
609 407 654 446 et
672 402 781 446 ordo
802 402 849 446 in
871 409 1015 461 parte,
1037 405 1093 448 ad
1112 405 1319 449 ordinem
1341 405 1386 449 in
1408 411 1520 460 toto,
1541 405 1661 449 sicut
1685 403 1742 448 ad
1767 401 1906 447 finem

312 475 359 514 et
390 471 629 527 optimum.
662 472 734 518 Ex
763 485 853 531 quo
883 474 1093 530 habetur,
1126 476 1247 532 quod
1285 476 1460 520 bonitas
1499 475 1671 520 ordinis
1708 473 1913 532 partialis

311 554 403 587 non
436 544 616 589 excedit
648 546 896 591 honitatem
929 547 1080 592 totalis
1109 548 1302 592 ordinis:
1335 548 1415 592 sed
1445 547 1585 604 magis
1615 558 1639 591 e
1671 556 1907 592 converse.

312 613 427 659 Cum
457 628 564 672 ergo
588 617 757 674 duplex
785 619 895 664 ordo
919 620 1175 676 reperiatur
1204 621 1250 664 in
1275 621 1427 675 rebus,
1462 621 1572 665 ordo
1610 619 1786 666 scilicet
1810 632 1913 677 par-

311 687 426 732 tium
450 687 571 734 inter
594 701 657 746 se,
683 695 728 735 et
754 691 863 735 ordo
894 692 1093 748 partium
1118 692 1174 736 ad
1197 692 1378 748 aliquod
1401 703 1547 736 unum
1571 692 1695 749 quod
1717 704 1810 738 non
1841 698 1913 737 est

309 771 438 816 pars:
470 760 534 806 sic
566 762 676 808 ordo
706 764 906 820 partium
940 766 1172 810 exercitus
1206 765 1326 810 inter
1361 777 1424 821 se,
1454 770 1500 810 et
1537 765 1647 809 ordo
1672 775 1828 809 earum
1854 765 1911 809 ad

309 835 485 881 ducem.
509 836 628 881 Ordo
663 838 861 894 partium
895 838 951 882 ad
974 850 1120 883 unum
1145 843 1213 882 est
1238 837 1412 893 melior,
1434 842 1652 894 tanquam
1676 835 1778 880 finis
1800 835 1913 880 alte·

307 906 418 962 riUS,
452 911 519 951 est
553 907 673 951 enim
705 908 819 952 alter
852 914 1039 965 propter
1073 909 1211 963 hunc,
1246 921 1339 953 non
1378 920 1404 952 e
1444 919 1680 954 converso,
1714 907 1842 953 Unde
1872 906 1909 950 si
1996 940 1998 943 ,

307 979 448 1024 forma
479 978 612 1035 hujus
647 980 814 1025 ordinis
843 981 1073 1037 reperitur
1097 980 1143 1024 in
1177 980 1381 1036 partibus
1412 980 1623 1025 humanae
1655 979 1912 1025 multitudi-

306 1051 390 1106 nis,
417 1051 560 1097 multo
587 1052 725 1108 magis
747 1052 914 1098 dicitur
937 1051 1127 1109 reperiri
1153 1051 1199 1095 in
1225 1052 1319 1108 ipsa
1350 1050 1644 1096 multitudine
1669 1051 1766 1098 sive
1796 1056 1912 1096 tota-

305 1123 446 1179 litate,
482 1137 563 1180 per
597 1124 691 1170 vim
713 1125 956 1182 syllogismi
983 1124 1201 1181 praemissi
1218 1138 1232 1180 3
1257 1136 1361 1169 cum
1388 1124 1445 1169 sit
1471 1125 1582 1170 ordo
1605 1123 1779 1179 melior,
1809 1123 1908 1170 sive

307 1195 445 1241 forma
470 1197 651 1242 ordinis,
677 1197 764 1242 Sed
786 1198 1017 1254 reperitur
1036 1198 1083 1242 in
1103 1198 1314 1243 omnihus
1333 1197 1539 1255 partibus
1554 1197 1764 1242 humanae
1789 1195 1910 1242 mul-
1940 1210 1945 1222 ¹

308 1268 528 1324 titudiniS,
556 1275 605 1314 ut
631 1282 713 1326 per
737 1282 788 1314 ea
812 1282 916 1327 quae
943 1270 1061 1316 dicta
1088 1277 1196 1316 sunt
1221 1271 1268 1315 in
1300 1271 1496 1327 capitulo
1521 1269 1819 1327 praecedenti,
1842 1281 1912 1314 sa·

307 1341 364 1385 tis
388 1346 455 1385 est
475 1340 795 1386 manifestum:
823 1354 929 1397 ergo
954 1347 999 1387 et
1024 1342 1070 1386 in
1095 1344 1188 1399 ipsa
1216 1341 1437 1386 totalitate
1457 1340 1647 1398 reperiri
1673 1340 1820 1386 debet.
1847 1340 1909 1385 Et

304 1414 368 1460 sic
403 1425 561 1458 omnes
595 1418 747 1469 partes
775 1418 1058 1470 praenotatae,
1094 1419 1140 1458 et
1172 1413 1264 1469 ipsa
1295 1412 1529 1468 regimina,
1567 1417 1613 1457 et
1645 1412 1738 1469 ipsa
1768 1423 1906 1467 regna

304 1484 500 1530 ordinari
523 1485 688 1529 debent
708 1484 765 1528 ad
785 1496 931 1529 unum
949 1483 1218 1540 principem,
1238 1482 1336 1529 sive
1354 1483 1687 1539 principatum:
1709 1483 1794 1526 hoc
1819 1487 1909 1537 est,

303 1555 359 1599 ad
378 1554 685 1608 monarcham,
709 1554 805 1599 sive
830 1555 1150 1598 monarchiam.

390 1623 414 1685 ς
445 1627 512 1670 ΙΧ.
544 1626 761 1683 AmpliuS,
791 1626 987 1670 humana
1018 1626 1291 1672 universitas
1321 1630 1388 1670 est
1418 1625 1647 1683 quoddam
1677 1631 1828 1671 totum
1850 1625 1911 1684 ad

303 1699 519 1756 quasdam
543 1704 694 1756 partes
709 1711 724 1754 3
759 1703 804 1744 et
829 1703 897 1744 est
922 1698 1131 1754 quaedam
1163 1710 1266 1755 pars
1294 1698 1351 1742 ad
1383 1697 1611 1754 quoddam
1635 1701 1798 1742 totum.
1824 1694 1908 1742 Est

303 1769 424 1814 enim
460 1770 686 1827 quoddam
723 1775 872 1815 totum
906 1770 963 1813 ad
996 1780 1135 1825 regna
1169 1769 1458 1825 particularia
1499 1774 1546 1814 et
1576 1768 1633 1814 ad
1656 1764 1815 1826 gentes
1852 1774 1909 1814 ut

301 1840 530 1897 superiora
566 1841 811 1886 ostendunt
827 1854 842 1897 ;
874 1847 920 1887 et
959 1847 1027 1886 est
1065 1843 1275 1899 quaedam
1305 1854 1409 1899 pars
1447 1842 1505 1888 ad
1539 1847 1690 1888 totum
1720 1842 1907 1888 univer-

301 1925 419 1968 sum,
457 1918 502 1956 et
522 1913 608 1958 hoc
633 1918 700 1957 est
726 1912 780 1956 de
801 1924 847 1957 se
864 1912 1165 1959 manifestum.
1187 1913 1311 1957 Sicut
1335 1924 1442 1969 ergo
1462 1913 1674 1958 inferiora
1693 1914 1906 1958 humanae

303 1985 610 2032 universitatis
638 1986 753 2032 bene
781 1985 1057 2041 respondent
1090 1986 1147 2029 ad
1180 1985 1337 2041 ipsam,
1362 1986 1426 2031 sic
1449 1985 1544 2042 ipsa
1583 1987 1699 2031 bene
1734 1986 1908 2031 dicitur

302 2059 573 2115 respondere
606 2048 662 2102 ad
695 2069 829 2102 suum
864 2062 1027 2102 totum.
1060 2057 1219 2103 Partes
1248 2056 1344 2113 ejus
1378 2058 1495 2103 hene
1533 2059 1811 2115 respondent
1846 2058 1905 2103 ad

302 2130 439 2187 ipsam
460 2141 541 2186 per
565 2140 711 2173 unum
735 2127 1012 2185 principium
1044 2133 1238 2191 tantum,
1263 2133 1316 2173 ut
1342 2134 1404 2172 ex'
1420 2128 1732 2185 superioribus
1757 2128 1907 2184 colligi

302 2208 450 2260 potest
480 2202 535 2247 de
571 2201 715 2246 facili:
746 2211 853 2256 ergo
883 2205 929 2244 et
961 2200 1053 2256 ipsa
1086 2200 1143 2243 ad
1167 2199 1316 2257 ipsum
1340 2199 1615 2258 principium
1647 2205 1694 2245 et
1717 2200 1905 2246 univer-

301 2287 415 2330 sum,
440 2274 538 2319 sive
566 2274 621 2318 ad
648 2271 744 2328 eJus
771 2272 1039 2328 principem,
1076 2272 1153 2328 qui
1189 2272 1311 2316 Deus
1336 2276 1404 2316 est
1433 2276 1480 2316 et
1509 2271 1768 2328 monarcha,
1798 2271 1906 2316 sim·

302 2346 476 2404 pliciter
499 2347 614 2390 bene
649 2344 890 2401 respondet
919 2355 1000 2400 per
1028 2355 1174 2388 unum
1202 2343 1475 2400 principium
1501 2348 1698 2400 tantum,
1728 2343 1902 2389 scilicet

301 2419 486 2463 unicum
509 2417 774 2474 principem.
801 2415 871 2460 Ex
895 2426 986 2472 quo
1015 2414 1241 2471 sequitur,
1269 2415 1576 2460 monarchiam
1603 2414 1904 2461 necessariam

300 2491 486 2546 mundO,
510 2495 562 2534 ut
582 2490 698 2534 hene
722 2488 794 2533 sit.

384 2563 408 2626 ἓ
439 2565 488 2609 Χ.
519 2564 576 2609 Et
597 2574 730 2607 omne
754 2562 864 2607 illud
886 2561 1002 2607 bene
1021 2572 1069 2606 se
1089 2561 1240 2615 habet,
1262 2566 1307 2607 et
1329 2561 1515 2618 optime,
1540 2560 1667 2618 quod
1689 2571 1738 2605 se
1762 2560 1900 2606 hahet

303 2635 552 2682 secundum
574 2632 875 2679 intentionem
900 2632 1032 2689 primi
1056 2632 1244 2688 agentis,
1277 2633 1355 2689 qui
1381 2632 1503 2678 Deus
1522 2637 1606 2678 est.
1633 2631 1690 2676 Et
1715 2631 1799 2676 hoc
1831 2638 1901 2677 est

299 2717 382 2767 per
402 2719 449 2754 se
470 2712 644 2763 notum,
675 2705 758 2751 nisi
782 2705 903 2763 apud
926 2710 1144 2762 negantes
1179 2705 1380 2761 divinam
1403 2705 1653 2756 bonitatem
1674 2703 1903 2762 attingere
