2028 3256
156 113 247 158 442
583 119 805 162 QUAESTIO
839 120 900 155 DE
933 117 1068 162 AQUA
1096 119 1160 157 ET
1193 120 1370 158 TERRA.

162 216 351 261 effectus
381 227 520 273 quam
551 226 719 270 causae,
745 212 851 272 quia
878 226 962 271 per
986 213 1107 271 ipsos
1132 212 1398 260 inducimur
1418 213 1467 259 in
1489 213 1799 272 cognitionem

161 301 422 345 causarum,
446 293 498 333 ut
523 293 674 345 patet:
702 286 808 344 quia
834 285 1012 343 eclipsis
1034 284 1140 330 solis
1165 285 1300 332 duxit
1324 285 1372 331 in
1394 287 1704 343 cognitionem
1729 287 1790 334 in·

155 359 471 417 ‘terpositionis
494 360 614 405 lunae
632 372 646 414 3
672 357 796 403 unde
818 362 1008 414 propter
1033 356 1264 415 admirari,
1289 369 1470 417 caepere
1495 360 1797 420 philosophari

158 435 283 479 viam
309 433 630 491 inquisitionis.
655 433 706 478 In
732 432 1020 478 naturalibus
1042 423 1224 490 oportet
1248 445 1346 478 esse
1377 433 1435 478 ab
1472 432 1713 480 effectibus
1742 435 1800 482 ad

161 521 320 553 causas
336 522 350 563 3
377 520 482 565 quae
508 508 696 565 quidem
721 507 814 564 via,
840 507 949 553 licet
990 507 1152 553 habeat
1195 507 1525 554 certitudinem
1566 508 1800 556 sufficien-

158 589 269 637 tem,
293 595 384 626 non
411 587 564 626 tamen
589 581 724 627 habet
751 587 944 637 tantam,
967 587 1190 639 quantam
1214 581 1350 628 habet
1376 580 1450 628 via
1486 581 1798 640 inquisitionis

160 658 206 702 in
231 655 580 712 mathematiciS,
606 667 712 713 quae
738 661 808 701 est
833 668 857 701 a
886 655 1049 710 causis3
1076 655 1175 700 sive
1205 667 1229 699 a
1270 654 1603 713 superioribus,
1640 656 1698 703 ad
1739 656 1801 703 ef-

156 730 321 786 fectus3
347 729 446 775 sive
469 729 525 774 ad
544 728 786 776 inferiora:
815 735 862 774 et
888 730 990 774 ideo
1028 730 1280 787 quaerenda
1323 736 1391 775 est
1431 729 1505 775 illa
1547 730 1795 789 certitud03

158 816 262 861 quae
290 803 355 850 sic
381 803 737 849 demonstrando
774 802 931 848 haberi
968 807 1133 859 potest.
1170 803 1283 848 Dico
1308 803 1467 860 igitur,
1498 805 1625 863 quod
1660 817 1798 859 causa

155 876 291 933 hujus
314 876 580 923 elevationis
606 875 811 922 efficiens
836 887 929 920 non
946 881 1214 933 potestesse
1235 881 1359 921 terra
1381 875 1476 934 ipsa
1491 890 1507 934 3
1525 877 1634 935 quia
1649 890 1795 936 quum

156 949 324 995 elevari
347 949 405 994 sit
432 949 664 1006 quoddam
685 947 795 993 ferri
820 958 1036 993 sursum:
1062 953 1108 993 et
1148 947 1260 994 ferri
1298 960 1501 1005 sursum,
1534 949 1594 995 sit
1633 956 1797 998 contra

155 1029 369 1068 naturam
403 1028 570 1068 terrae:
599 1028 645 1068 et
671 1021 782 1067 nihil
821 1033 904 1079 per
943 1033 1008 1078 se,
1045 1021 1293 1080 loquendO,
1338 1022 1479 1080 possit
1519 1035 1618 1070 esse
1663 1037 1798 1072 causa

154 1096 270 1154 ejuS,
302 1097 426 1154 quod
459 1103 528 1142 est
560 1102 720 1142 contra
750 1109 882 1142 suam
913 1102 1127 1142 naturam
1143 1109 1158 1153 3
1189 1095 1488 1155 relinquitur,
1515 1098 1641 1156 quod
1674 1105 1798 1146 terra

153 1170 290 1228 hujus
321 1170 590 1217 elevationis
621 1169 828 1216 efficiens
862 1183 996 1216 causa
1028 1182 1126 1216 esse
1157 1181 1252 1215 non
1283 1169 1441 1227 possit.
1484 1170 1546 1217 Et
1590 1171 1802 1219 similiter

153 1243 292 1289 etiam
324 1256 477 1301 neque
507 1255 625 1301 aqua
657 1255 754 1288 esse
785 1247 970 1301 potest3
1014 1244 1120 1299 quia
1168 1254 1314 1300 quum
1359 1254 1477 1300 aqua
1522 1242 1582 1290 sit
1632 1256 1802 1303 corpus

149 1316 505 1373 homogeneum‚
537 1316 585 1360 in
617 1315 818 1373 qualibet
850 1314 921 1360 sui
952 1321 1084 1373 parte
1117 1327 1199 1373 per
1229 1326 1294 1372 se,
1327 1315 1576 1378 loquendo,
1622 1317 1796 1365 unifor-

154 1389 294 1435 miter
326 1395 509 1446 oportet
544 1400 642 1434 esse
674 1389 903 1436 virtutem
920 1402 934 1445 3
967 1394 1014 1434 et
1046 1388 1113 1434 sic
1144 1400 1237 1434 non
1268 1394 1389 1434 esset
1420 1389 1552 1446 ratic,
1585 1402 1676 1448 qua
1708 1402 1802 1436 ma·

153 1463 220 1521 gis
245 1463 469 1509 elevasset
500 1462 589 1518 hic,
617 1475 756 1520 quam
788 1461 906 1508 alibi.
933 1462 1044 1507 Haec
1071 1462 1231 1508 eadem
1255 1463 1372 1508 ratio
1397 1468 1608 1509 removet
1634 1463 1690 1509 ab
1714 1463 1800 1509 hac

154 1534 417 1580 causalitate
448 1546 601 1579 aerem
633 1539 680 1580 et
711 1534 897 1591 ignem3
930 1539 976 1580 et
1009 1546 1156 1592 quum
1188 1546 1284 1579 non
1313 1539 1459 1581 restet
1490 1535 1680 1581 alterius
1715 1534 1802 1580 nisi

153 1607 336 1664 coelum,
368 1607 665 1653 reducendus
696 1613 764 1653 est
786 1606 860 1652 hic
886 1606 1078 1653 effectus
1099 1606 1147 1653 in
1172 1605 1341 1665 ipsum,
1374 1612 1596 1665 tanquam
1620 1607 1669 1652 in
1695 1620 1799 1653 cau-

149 1694 248 1727 sam
278 1681 523 1738 propriam.
560 1681 649 1726 Sed
679 1693 826 1739 quum
856 1680 948 1726 sint
974 1681 1131 1739 plures
1154 1680 1271 1737 eceli,
1298 1680 1447 1726 adhue
1475 1685 1618 1727 restat
1644 1680 1799 1739 inqui·

154 1768 258 1801 rere
290 1756 337 1800 in
369 1756 508 1813 quod,
542 1760 762 1812 tanquam
804 1754 851 1800 in
883 1754 1115 1812 propriam
1164 1766 1365 1810 causam,
1405 1753 1570 1800 habeat
1618 1753 1796 1801 reduci.

148 1827 251 1874 Non
280 1828 327 1873 in
359 1827 525 1872 eoelum
558 1825 682 1872 lunae
700 1840 714 1883 3
747 1826 854 1884 quia
887 1837 1033 1883 quum
1066 1837 1292 1882 organum
1323 1837 1420 1872 suae
1451 1826 1661 1884 virtutiS,
1698 1827 1799 1874 sive

150 1902 422 1958 influentiae,
455 1901 512 1947 sit
545 1901 639 1959 ipsa
672 1900 811 1946 luna:
846 1904 892 1945 et
925 1900 1020 1957 ipsa
1053 1905 1237 1945 tantum
1272 1899 1470 1957 declinet
1516 1912 1600 1958 per
1646 1900 1795 1946 zodia·

150 1989 259 2023 curn
289 1978 344 2022 ab
371 1975 681 2034 aequinoctiali
707 1986 872 2021 versus
898 1973 1054 2032 polum
1076 1974 1404 2030 antarcticum,
1432 1979 1662 2032 quantum
1687 1986 1791 2020 ver-

146 2064 228 2097 sus
259 2050 502 2104 arcticum,
534 2050 595 2095 ita
628 2050 831 2096 elevaret
879 2049 999 2095 ultra
1047 2048 1435 2106 aequinoctialem,
1478 2048 1600 2094 sicut
1645 2047 1795 2105 citra3

148 2127 276 2185 quod
306 2138 399 2172 non
431 2130 499 2171 est
530 2124 717 2170 factum.
750 2124 845 2170 Nec
875 2124 1001 2170 valet
1048 2124 1216 2181 dicere,
1263 2123 1389 2182 quod
1432 2122 1505 2167 illa
1553 2121 1796 2167 declinatio

86 2223 89 2226 >
150 2214 242 2246 non
273 2199 423 2257 potuit
454 2211 552 2245 esse
577 2204 766 2256 propter
790 2197 931 2254 magis
951 2197 1323 2255 appropinquare
1345 2202 1485 2242 terrae
1516 2207 1600 2254 per
1626 2207 1775 2241 excen

151 2274 401 2320 tricitatem
417 2285 431 2328 3
459 2272 562 2329 quia
589 2270 625 2314 si
665 2271 765 2315 haec
806 2269 960 2316 virtus
1000 2269 1209 2316 elevandi
1234 2267 1396 2314 ruisset
1422 2268 1470 2313 in
1495 2267 1606 2313 luna
1630 2267 1795 2326 (quum

148 2348 328 2404 agentia
352 2344 677 2403 propinquiora
702 2343 957 2390 virtuosius
983 2342 1274 2401 operentur),
1306 2341 1450 2399 magis
1477 2340 1703 2388 elevasset
1735 2341 1796 2388 ibi

152 2432 286 2479 quain
314 2419 400 2463 hic.
1409 2472 1411 2474 v

237 2491 260 2554 ἕ
289 2493 392 2538 ΧΧΙ.
415 2491 525 2537 Haec
551 2491 710 2537 eadem
731 2489 850 2535 ratio
879 2494 1090 2537 removet
1129 2490 1186 2535 ab
1222 2488 1484 2546 hujusmodi
1525 2488 1794 2534 causalitate

148 2580 310 2614 omncs
346 2567 479 2612 orbes
524 2565 813 2623 planetarum
827 2577 843 2620 3
890 2568 936 2608 et
983 2575 1091 2609 cum
1136 2562 1340 2621 primum
1386 2561 1569 2625 mobile,
1617 2560 1794 2607 scilicet

154 2641 327 2698 sphaera
352 2652 487 2696 nona,
509 2637 567 2684 sit
595 2636 822 2684 uniforme
847 2648 932 2695 per
958 2641 1123 2694 totum,
1156 2641 1202 2682 et
1242 2648 1326 2694 per
1364 2646 1650 2694 consequens
1688 2633 1796 2680 uni-
