2054 3262
330 177 415 222 326
922 186 1064 222 LIBER
1095 187 1357 226 SECUNDUS.

326 282 446 332 rent,
479 276 602 334 quod
627 276 775 322 solum
799 278 1000 324 restabat
1024 278 1082 324 ad
1105 279 1321 326 ultimum
1341 280 1582 327 interitum
1601 282 1778 328 romani
1802 281 1951 330 nomi-

327 349 427 406 nis;
469 362 693 406 anserem,
738 349 799 396 ibi
838 362 932 396 non
971 358 1077 397 ante
1113 353 1289 415 visum,
1333 353 1551 400 cecinisse
1599 353 1746 401 Gallos
1790 355 1948 402 adesse

327 429 466 480 atque
503 422 714 468 custodes
748 422 804 468 ad
835 422 1162 469 defensandum
1198 425 1468 482 Capitolium
1500 425 1742 484 excitasse,
1789 427 1950 475 Livius

328 501 374 541 et
400 495 533 541 multi
555 496 801 554 scriptores
828 496 1022 543 illustres
1049 498 1338 543 concorditer
1365 504 1698 546 contestantur.
1719 500 1859 559 Cujus
1879 502 1947 547 rei

327 582 503 615 memor
522 570 608 615 fuit
625 575 758 628 poeta
776 576 949 628 noster,
968 583 1075 617 cum
1094 572 1307 630 clypeum
1323 572 1484 618 AEneae
1507 573 1788 620 describeret
1807 575 1856 621 in
1873 588 1950 621 oc-

326 649 463 700 tav03
497 642 619 689 canit
650 642 771 688 enim
801 643 895 689 sic:
931 646 987 689 In
1011 657 1182 690 summo
1209 649 1353 690 custos
1377 649 1565 703 tarpeJoe
1591 647 1800 695 Manlius
1824 650 1953 694 areis

327 717 481 762 Stabat
507 730 594 773 pro
618 716 793 773 templo,
820 720 858 761 el
887 716 1114 772 Capitolia
1137 718 1258 762 celsa
1282 717 1464 776 tenebat,
1485 719 1782 779 Romuleoque
1795 733 1954 766 reeens

325 791 538 836 horrebat
563 792 692 848 rossia
719 791 881 836 culmo.
910 791 1052 847 Atque
1078 791 1152 834 hio
1177 792 1361 835 auratis
1381 791 1581 837 volitans
1601 795 1842 850 argenteus
1867 806 1951 839 an-

325 874 400 907 ser
418 858 693 917 ΧΡονιεόέῠας,
719 864 873 908 Gallos
894 864 944 907 iu
970 863 1131 907 limine
1156 862 1309 908 adesse
1332 863 1534 909 canebat.
1553 863 1612 909 At
1638 875 1745 910 cum
1761 875 1949 910 romana

326 936 535 981 nobilitas
560 942 800 994 premente
823 936 1045 982 Annibale
1069 936 1135 981 sic
1162 936 1361 992 caderet,
1387 941 1440 981 ut
1464 937 1520 982 ad
1541 935 1723 983 finalem
1746 948 1950 984 romanae
1991 938 1993 940 ’

327 1009 393 1054 rei
419 1010 720 1055 delectionem
746 1022 841 1055 non
860 1014 1057 1054 restaret
1083 1008 1167 1053 nisi
1195 1010 1444 1054 Poenorum
1467 1009 1665 1057 insultus
1689 1011 1746 1057 ad
1769 1013 1950 1068 urbem,

326 1081 476 1127 subita
502 1087 547 1127 et
571 1080 844 1126 intolerabili
872 1079 1092 1137 grandine
1127 1080 1449 1137 proturbante‚
1474 1080 1679 1128 victores
1703 1082 1948 1129 victoriam

326 1155 456 1213 sequi
482 1167 575 1200 non
600 1154 820 1212 potuisse,
844 1154 1005 1200 Livius
1030 1154 1076 1197 in
1103 1152 1217 1198 bello
1242 1154 1412 1211 punico
1436 1154 1559 1200 inter
1581 1156 1664 1201 alia
1691 1162 1817 1214 gesta
1843 1169 1950 1222 con7

326 1228 499 1274 scribit.
536 1228 697 1273 Nonne
737 1228 957 1273 transitus
993 1226 1159 1271 Cloeliae
1194 1227 1412 1273 mirabilis
1445 1228 1548 1285 fuit,
1575 1241 1683 1274 cum
1706 1229 1872 1275 mulier
1903 1234 1950 1276 et

327 1303 508 1361 captiva
547 1303 595 1348 in
631 1303 865 1349 obsidione
907 1303 1174 1359 Porsennae,
1215 1302 1424 1359 abruptis
1459 1302 1674 1360 vinculiS,
1711 1302 1830 1349 miro
1870 1302 1954 1349 Dei

326 1375 480 1432 adjuta
512 1374 698 1425 auxilio,
731 1374 1037 1419 transnatavit
1070 1374 1285 1430 Tiberim,
1317 1375 1438 1421 sicut
1473 1387 1632 1422 omnes
1662 1375 1756 1421 fere
1787 1376 1952 1421 scribae

325 1460 528 1494 romanae
555 1447 621 1492 rei
651 1447 708 1492 ad
739 1446 925 1503 gloriam
956 1446 1097 1503 ipsius
1129 1446 1528 1493 commemorant?
1561 1448 1635 1494 Sic
1667 1447 1798 1493 illum
1823 1459 1952 1506 pror-

326 1531 404 1565 sus
435 1519 613 1576 operari
645 1519 852 1574 decebat,
885 1518 966 1575 qui
1002 1522 1171 1563 cuncta
1202 1519 1288 1563 sub
1318 1518 1489 1564 ordinis
1522 1519 1865 1578 pulchritudine
1896 1519 1953 1564 ab

329 1599 505 1640 aeterno
529 1592 731 1649 providit
745 1605 759 1649 3
789 1597 840 1638 ut
863 1593 941 1649 qui
968 1591 1158 1638 visibilis
1180 1597 1278 1637 erat
1302 1591 1522 1638 miracula
1547 1605 1630 1650 pro
1650 1592 1953 1640 invisibilibus

327 1669 614 1720 ostensuruS,
636 1663 757 1709 idem
781 1663 1019 1711 invisibilis
1043 1676 1125 1722 pro
1150 1664 1405 1711 visibilibus
1429 1665 1501 1711 illa
1526 1663 1826 1711 ostenderet.²

417 1736 440 1800 g
490 1738 540 1783 V.
591 1738 880 1796 Quicumque
927 1744 1154 1796 praeterea
1205 1740 1378 1785 bonum
1421 1739 1685 1798 reipublicae
1732 1738 1952 1794 intendit,

328 1811 467 1863 finem
490 1811 607 1869 juris
627 1812 855 1868 intendit,
888 1812 1103 1870 quodquo
1129 1812 1191 1858 ita
1216 1819 1454 1870 sequatur,
1480 1813 1546 1859 sic
1571 1811 1843 1859 ostenditur.
1869 1812 1956 1858 Jus

329 1890 398 1930 est
434 1884 568 1929 realis
604 1889 650 1929 et
685 1883 934 1940 personalis
968 1883 1164 1929 hominis
1197 1885 1255 1929 ad
1283 1885 1513 1948 hominem
1547 1884 1815 1943 proportio:
1847 1897 1955 1942 quae

329 1963 511 2003 servata
551 1952 788 2002 hominum
829 1963 985 2003 servat
1016 1957 1294 2015 societatem,
1340 1965 1387 2005 et
1427 1964 1645 2016 corrupta
1677 1958 1950 2016 corrumpit.
2006 2003 2009 2005 ,

329 2029 443 2075 Nam
466 2029 538 2073 illa
570 2028 859 2085 Digestorum
884 2028 1144 2086 descriptiO,
1176 2041 1270 2074 non
1302 2029 1413 2075 dicit
1444 2030 1568 2088 quod
1589 2029 1703 2088 quid
1727 2035 1796 2076 est
1814 2029 1954 2088 juris;

328 2102 409 2147 sed
450 2099 667 2146 describit
703 2099 814 2144 illud
846 2111 928 2156 per
958 2099 1168 2145 notitiam
1199 2102 1362 2146 utendi
1401 2101 1489 2147 illo,
1525 2101 1570 2147 Si
1600 2114 1709 2159 ergo
1750 2101 1981 2148 definitio.

328 2176 415 2222 ista
446 2175 563 2220 bene
593 2173 706 2231 quid
736 2179 805 2219 est
836 2178 882 2218 et
907 2185 1050 2231 quare
1072 2174 1434 2231 comprehendit,
1466 2179 1513 2220 et
1546 2173 1789 2231 cujuslibet
1813 2175 1956 2221 socie-

330 2247 440 2294 tatis
471 2245 576 2291 finis
605 2251 675 2292 est
707 2258 951 2291 commune
982 2246 1215 2292 sociorum
1247 2247 1450 2304 honum3
1482 2259 1670 2294 necesse
1705 2254 1791 2306 est,
1817 2247 1956 2293 finem

331 2319 555 2378 cujusque
567 2318 685 2376 juris
702 2319 874 2364 bonum
893 2331 1139 2365 commune
1157 2332 1278 2365 esse:
1306 2326 1351 2366 et
1368 2320 1643 2378 impossibile
1664 2326 1734 2367 est
1746 2320 1823 2379 jus
1842 2333 1957 2379 esse,

329 2395 506 2441 bonum
531 2404 777 2439 commune
797 2405 891 2439 non
914 2393 1171 2440 intendens
1197 2395 1392 2452 Propter
1417 2395 1542 2453 quod
1564 2396 1683 2442 bene
1708 2395 1885 2442 Tullius
1908 2396 1957 2440 in

329 2469 478 2526 prima
501 2468 771 2514 Rhetorica:
801 2465 1001 2524 Semper,
1034 2467 1203 2526 inquit,
1236 2469 1297 2515 ad
1321 2471 1565 2516 utilitatem
1589 2470 1868 2528 Reipublieoe
1895 2471 1953 2516 le-

371 2571 387 2597 1
412 2571 529 2607 Moltc
564 2571 773 2606 correzioni
811 2570 846 2605 al
880 2573 978 2606 testo
1008 2571 1109 2608 delle
1180 2582 1350 2618 propone
1373 2574 1409 2609 di
1437 2573 1617 2620 leggere:
1641 2578 1695 2616 ut,
1718 2574 1779 2616 qm·
1808 2572 1962 2608 visibilis

332 2623 455 2666 Opere
492 2623 627 2657 minori
657 2622 694 2657 di
730 2622 850 2657 Dante
889 2631 1051 2667 propose
1082 2623 1108 2657 il
1180 2622 1279 2667 (eloe
1304 2622 1514 2668 incarnato)
1532 2621 1693 2657 visibilia
1709 2625 1789 2656 erat
1802 2623 1966 2656 miracu-

325 2672 446 2707 Witte
471 2671 605 2714 (Helle,
630 2671 751 2717 4853),
775 2671 811 2706 le
835 2670 953 2716 quali,
982 2680 1112 2706 emen·
1180 2674 1218 2707 la
1239 2683 1312 2719 pro
1342 2671 1588 2708 invisibilibus
1617 2675 1838 2713 ostensurus,
1869 2671 1963 2706 idem

327 2723 452 2758 dando
485 2723 508 2756 il
536 2721 599 2767 pili
634 2721 736 2757 delle
769 2720 874 2757 volte
908 2720 957 2765 gli
991 2722 1110 2756 errori
1179 2723 1373 2758 invisibilis
1394 2721 1492 2769 (cioe
1515 2722 1641 2757 avanti
1654 2720 1962 2766 l'incarnazione)

327 2775 387 2810 de'
403 2774 522 2810 codici
548 2783 569 2809 e
592 2773 693 2809 delle
710 2775 873 2815 stampe,
897 2780 992 2807 sono
1011 2771 1109 2807 nella
1177 2782 1244 2818 per
1259 2771 1418 2806 visibilia
1443 2770 1507 2805 illa
1524 2781 1559 2805 se
1581 2770 1790 2805 ostenderet.
1815 2769 1875 2805 Ma
1899 2778 1962 2814 pa-

248 2849 250 2851 >
325 2826 509 2862 massima
535 2827 642 2868 parte
659 2823 706 2859 da
729 2822 927 2863 adonemi,
944 2822 1111 2858 siccome
1181 2822 1351 2858 rendomi
1375 2822 1444 2858 che
1469 2821 1504 2856 la
1527 2819 1679 2866 volgata
1701 2828 1815 2866 possa
1839 2822 1964 2855 soste-

327 2876 454 2911 intatti
491 2874 636 2910 e-stato
670 2873 715 2908 da
741 2881 801 2909 me
829 2872 1012 2915 praticato
1046 2879 1112 2915 per
1181 2871 1300 2915 nessi,
1317 2880 1393 2907 non
1416 2871 1466 2908 ho
1482 2869 1640 2908 creduto
1661 2869 1822 2907 dovorta
1843 2868 1963 2905 modi·

326 2926 365 2962 la
401 2929 580 2970 presente
604 2925 791 2960 edizione.
824 2923 893 2966 Qui
927 2922 957 2959 il
990 2921 1110 2958 Witte
1182 2921 1309 2957 ficare.
