2054 3262
313 122 397 167 160
937 132 1082 170 L11313R
1112 134 1306 171 PRIMUS.

306 224 479 270 Totum
511 231 684 283 autem,
711 227 835 285 quod
865 227 913 273 in
943 228 1127 288 Europa
1158 236 1302 277 restat
1334 231 1391 277 ab
1421 229 1537 287 istis,
1563 227 1757 277 tertium
1786 229 1939 278 tenuit

307 300 492 357 idioma,
517 300 626 347 licet
651 314 778 347 nunc
804 301 1032 347 trifarium
1056 303 1286 350 videatur.
1315 303 1429 349 Nam
1454 303 1527 349 alii
1556 316 1625 357 oc,
1650 302 1723 350 alii
1752 304 1833 359 oil,
1865 303 1940 349 alii

302 374 365 427 si,
397 372 670 419 affirmando
701 373 957 432 loquuntur
972 389 988 433 3
1021 382 1074 422 ut
1099 382 1211 434 puta
1236 374 1457 434 Hispani,¹
1484 376 1654 422 Franci
1677 380 1725 422 et
1753 373 1941 422 Latini.²

312 446 504 503 Signum
536 453 690 492 autem
714 447 838 505 quod
862 449 918 494 ab
944 462 1037 495 uno
1063 451 1318 508 eodemque
1340 450 1556 496 idiomate
1581 448 1775 495 istarum
1799 449 1940 495 trium

310 518 521 576 gentium
552 521 908 577 progrediantur
940 521 1166 579 vulgaria,
1198 522 1246 567 in
1278 528 1498 580 promptu
1531 526 1617 577 est,
1657 519 1766 578 quia
1795 520 1940 566 multa

310 604 395 650 per
420 592 580 638 eadem
601 593 824 639 vocabula
849 594 1085 639 nominare
1105 593 1343 650 videntur,
1370 599 1423 639 ut
1441 596 1602 646 Deum,
1623 593 1798 646 caelum,
1818 605 1944 638 amo·

311 680 425 723 rem,
453 680 599 723 mare,
624 672 817 721 terram,
847 672 893 713 et
919 668 1045 721 vivit,
1069 669 1284 722 moritur,
1312 671 1452 721 amat,
1476 671 1522 712 et
1547 666 1629 711 alia
1652 665 1748 711 fere
1772 665 1939 710 omnia.

312 742 509 787 Istorum
540 753 653 788 vero
683 741 971 799 proferentes
1001 754 1067 795 oc,
1093 740 1400 785 meridionalis
1424 740 1623 798 Europae
1657 744 1819 785 tenent
1841 751 1943 796 par-

313 821 408 861 tem
430 814 778 870 occidentalem,
803 826 827 858 a
844 812 1143 859 Januensium
1170 811 1338 857 finibus
1362 811 1649 870 incipientes,
1675 809 1762 866 Qui
1786 816 1944 856 autem

305 892 350 936 si
369 890 548 946 dicunt,
575 903 599 934 a
621 887 855 947 praedictis
872 887 1041 932 finibus
1058 886 1328 932 orientalem
1352 891 1530 942 tenent,
1555 885 1774 932 videlicet
1796 897 1944 942 usque
1976 939 1978 941 Ι

309 963 369 1008 ad
388 962 758 1021 promontorium
781 960 894 1005 illud
918 959 1076 1015 Italiae,
1103 971 1193 1017 qua
1215 959 1345 1003 sinus
1368 958 1592 1004 Adriatici
1620 958 1758 1004 maris
1781 957 1945 1016 incipit

312 1041 359 1081 et
402 1035 610 1081 Siciliam.
657 1034 745 1079 Sed
782 1034 1023 1092 loquentes
1062 1034 1140 1086 cil,
1174 1031 1512 1090 quodammodo
1550 1030 1946 1089 septemtrionales

310 1115 424 1155 sunt
450 1114 667 1167 respectu
690 1109 886 1154 istorum
901 1121 917 1164 3
944 1118 1050 1152 nam
1074 1107 1131 1152 ab
1156 1106 1339 1152 oriente
1363 1104 1638 1150 Alamannos
1656 1103 1825 1149 habent
1850 1107 1897 1148 et
1920 1115 1946 1148 a

304 1183 658 1241 septemtrione,
683 1183 740 1227 ab
765 1181 1007 1227 occidente
1037 1180 1214 1237 anglico
1245 1179 1361 1225 mari
1396 1177 1552 1226 vallati
1583 1182 1710 1234 sunt,
1742 1182 1789 1223 et
1818 1188 1948 1222 mon-

315 1259 439 1305 tibus
468 1257 709 1314 Aragoniae
735 1254 985 1311 terminati,
1008 1267 1032 1300 a
1059 1253 1248 1299 meridie
1273 1265 1459 1313 quoque
1483 1250 1868 1307 ProvincialibuS,
1896 1256 1944 1296 et

311 1331 576 1390 Appennini
603 1330 861 1378 devexione
888 1328 1190 1374 clauduntur.

1002 1650 1167 1699 CAPUT
1198 1650 1271 1700 IX.

360 1803 413 1841 De
441 1802 588 1852 triplici
617 1803 803 1839 varietate
835 1801 1040 1850 sermonis,
1070 1806 1108 1838 et
1135 1801 1301 1850 qualiter
1330 1811 1400 1849 per
1427 1803 1602 1849 tempora
1629 1798 1730 1837 idem
1760 1793 1904 1835 idioma

691 1873 889 1916 mutatur3
918 1874 954 1905 et
978 1868 1025 1905 de
1053 1868 1272 1921 inventione
1301 1867 1574 1916 grammaticae.

403 1967 493 2012 Nos
524 1971 681 2011 autem
712 1977 839 2011 nunc
863 1970 1046 2023 oportet
1078 1977 1217 2023 quam
1251 1965 1472 2012 hahemus
1506 1965 1735 2011 rationem
1769 1962 1974 2022 pericli->

314 2040 420 2097 tari,
448 2051 557 2085 cum
582 2038 816 2096 inquirere
842 2037 1137 2083 intendamus
1162 2037 1218 2082 de
1242 2037 1312 2094 iis,
1333 2037 1383 2082 in
1412 2037 1580 2096 quihus
1603 2037 1776 2084 nullius
1795 2041 1952 2081 aucto-

316 2113 454 2159 ritate
478 2111 714 2167 fulcimur,
746 2110 832 2156 hoc
857 2115 925 2156 est
959 2110 1014 2155 de
1038 2109 1179 2155 unius
1202 2108 1501 2167 ejusdemque
1531 2121 1557 2155 a
1582 2107 1811 2168 principio
1840 2106 1953 2152 idio·

314 2187 451 2233 matis
483 2184 736 2232 variatione
767 2189 940 2230 secuta.
973 2183 1033 2229 Et
1066 2183 1172 2241 quia
1202 2195 1286 2241 per
1315 2183 1496 2230 notiora
1526 2183 1695 2230 itinera
1724 2180 1955 2228 salubrius

317 2259 599 2317 breviusque
626 2257 868 2314 transitur,
894 2269 975 2315 per
999 2256 1129 2302 istud
1161 2261 1347 2302 tantum
1376 2256 1503 2314 quod
1525 2255 1657 2302 nobis
1687 2259 1758 2302 est
1789 2253 1954 2299 idioma

315 2344 577 2391 pergamUS,
602 2331 687 2376 alia
712 2331 989 2376 deserentes
1023 2329 1137 2375 Nam
1168 2329 1292 2387 quod
1321 2329 1370 2374 in
1395 2341 1490 2375 uno
1522 2334 1592 2376 est
1622 2327 1859 2383 rationale,
1885 2325 1954 2372 vi-

317 2407 457 2453 detur
481 2405 530 2450 in
550 2404 648 2450 aliis
672 2416 770 2449 esse
797 2415 948 2449 causa.
981 2401 1064 2448 Est
1091 2402 1233 2460 igitur
1263 2414 1403 2461 super
1434 2402 1559 2462 quod
1582 2400 1817 2460 gradimur
1842 2399 1955 2445 idio·

315 2493 390 2527 ma
416 2479 674 2535 tractandO,
709 2477 955 2534 trifarium,
987 2481 1042 2522 ut
1067 2477 1280 2534 superius
1312 2477 1491 2523 dictum
1523 2481 1610 2534 est,
1642 2486 1750 2523 nam
1779 2473 1854 2519 alii
1884 2486 1953 2525 oc,

355 2583 371 2610 1
397 2580 798 2627 GliSpagnuoli,acui
816 2579 1042 2615 attribuisce
1062 2579 1097 2613 la
1176 2588 1285 2615 come
1324 2579 1424 2615 bene
1458 2578 1614 2615 traduce
1650 2576 1676 2612 il
1711 2575 1897 2615 Trissino,
1924 2573 1959 2609 lc

312 2632 511 2678 particella
549 2630 784 2665 affer-matina
824 2640 885 2673 oc,
923 2630 1100 2666 debbono
1177 2639 1343 2666 usarono
1369 2629 1421 2674 gli
1450 2628 1590 2664 antichi
1609 2626 1957 2671 foequentemente,

302 2693 419 2721 esser
453 2683 542 2726 quei
577 2682 616 2716 di
647 2680 869 2725 Catalogna,
895 2680 1094 2725 provincia
1176 2681 1225 2718 ed
1253 2689 1348 2716 anco
1376 2680 1401 2715 il
1426 2683 1556 2715 nostro
1573 2680 1714 2714 Autore
1732 2688 1742 2713 :
1762 2672 1879 2712 Par-la
1897 2679 1957 2719 tu,

308 2731 551 2769 contermina
579 2739 600 2765 a
627 2729 756 2774 quella
785 2730 821 2765 di
841 2730 1100 2775 Liuguadoca‚
1175 2732 1291 2776 questi
1327 2730 1345 2766 ὁ
1383 2729 1527 2775 latium
1559 2727 1628 2773 lni'.
1656 2727 1770 2762 canto
1802 2723 1959 2766 xxvn‚

310 2782 536 2827 Lanyuedoc,
549 2781 654 2818 detta
671 2779 802 2817 altresi
815 2780 938 2816 Gallia
955 2781 1097 2817 Narbo·
1176 2791 1216 2819 v.
1250 2780 1308 2818 33.
1325 2800 1367 2808 —
1383 2780 1416 2816 Il
1444 2778 1670 2815 nobilissimo
1698 2778 1824 2811 nostro
1845 2774 1961 2809 latina

304 2843 416 2872 nese.
1177 2830 1294 2868 Guido
1305 2828 1582 2875 Monteseltrano
1594 2837 1607 2874 ,·
1623 2827 1749 2869 conv„
1761 2822 1879 2859 Tratt.
1894 2821 1943 2857 lv

356 2883 374 2910 ²
397 2885 531 2922 Latino
557 2882 620 2919 nel
643 2881 858 2928 significato
875 2882 910 2919 d'
924 2882 1094 2918 [taliano.
1175 2880 1258 2920 cao.
1277 2879 1334 2916 28,
