2054 3262
1761 0 1772 9 ‹-
1805 0 1816 11 ι·
1876 0 1878 3 ’
1914 0 1918 8 0
1983 0 2027 18 '37⁵

1836 51 1861 82 ,ΙΙ
1889 66 1906 76 ⁶
1920 72 1925 82 t
2027 60 2030 67 Δ

1815 143 1838 162 d

352 170 436 216 292
981 178 1126 215 LIBER
1156 178 1352 214 PRIMUS.

348 283 581 317 summum
606 271 914 328 perfectionis
943 272 1009 318 De
1037 271 1297 318 intentione
1322 272 1405 317 Dei
1431 278 1501 319 est
1532 278 1586 320 ut
1611 286 1748 322 omne
1772 282 1980 324 creatum

350 346 552 393 divinam
577 340 930 394 similitudinem
947 353 1267 406 repraesentet,
1290 347 1337 392 in
1359 353 1587 406 quantum
1611 349 1794 407 propria
1815 357 1983 397 natura

347 421 554 478 recipere
577 426 742 478 potest.
771 422 970 479 Propter
995 423 1119 480 quod
1145 416 1322 469 dictum
1349 428 1446 468 est:
1476 425 1731 470 Faciamus
1758 425 1982 471 hominem

346 494 409 539 ad
433 496 682 552 imaqz‘nem
705 498 748 540 et
769 496 1120 541 similitudinem
1141 500 1360 554 nostram.
1382 496 1513 551 Quod
1536 496 1644 542 licet
1666 497 1724 542 ad
1740 497 1980 554 imaginem
2050 507 2051 510 ’

348 568 404 614 de
428 569 569 614 rebus
593 568 883 614 inferioribus
908 569 964 613 ab
996 568 1178 613 homine
1206 568 1295 614 dici
1321 581 1413 613 non
1445 569 1604 626 possit,
1631 569 1687 615 ad
1721 570 1981 617 similitudi-

345 655 455 689 nem
479 648 634 689 tamen
657 643 712 688 de
729 642 931 700 qualibet
955 641 1042 688 dici
1068 648 1220 699 potest
1240 656 1249 687 :
1277 654 1383 688 cum
1412 648 1563 688 totum
1580 643 1857 690 universum
1874 645 1980 691 nihil

343 717 467 762 aliud
490 717 565 773 sit,
592 728 730 774 quam
761 715 1012 772 vestigium
1038 715 1268 773 quoddam
1295 714 1465 761 divinae
1493 714 1725 761 bonitatis,
1753 714 1874 774 Ergo
1898 716 1978 762 hu·

344 801 535 834 manum
570 801 714 846 genus
740 789 856 834 bene
897 801 945 833 se
982 788 1136 844 hahet,
1180 793 1226 833 et
1267 787 1453 845 optime,
1499 788 1686 846 quando
1721 789 1979 835 secundum

346 862 470 919 quod
495 867 664 919 potest,
682 861 777 906 Deo
798 860 1087 907 assimilatur.
1110 861 1198 905 Sed
1223 873 1368 917 genus
1385 861 1640 906 humanum
1663 861 1866 908 maxime
1887 862 1981 907 Deo

342 935 633 992 assimilatur,
659 935 842 993 quando
865 933 1066 979 maxime
1093 939 1161 979 est
1188 945 1365 977 unum:
1399 945 1512 980 vera
1538 933 1660 978 enim
1695 933 1813 980 ratio
1843 934 2003 980 unius

342 1007 392 1054 in
415 1008 509 1054 solo
530 1008 603 1054 illo
630 1013 713 1054 est.
742 1008 940 1065 Propter
966 1006 1089 1064 quod
1113 1007 1342 1064 scriptum
1379 1012 1478 1052 est:
1519 1008 1663 1062 Audi,
1691 1009 1856 1065 Israel,
1892 1011 1980 1055 Do-

342 1082 497 1126 minus
521 1083 643 1126 Deus
666 1085 770 1126 taus
794 1093 914 1126 unus
945 1084 1019 1125 est.
1053 1080 1140 1125 Sed
1173 1084 1288 1125 tunc
1324 1091 1470 1136 genus
1493 1080 1749 1126 humanum
1779 1083 1982 1127 maxims,

343 1158 413 1198 est
438 1164 603 1210 unum,
630 1152 813 1210 quando
839 1157 991 1198 totum
1017 1152 1180 1197 unitur
1200 1151 1248 1196 in
1274 1163 1368 1197 uno
1389 1166 1398 1197 :
1427 1152 1553 1210 quod
1575 1164 1673 1199 esse
1695 1165 1788 1199 non
1810 1160 1980 1212 potest,

341 1225 429 1272 nisi
469 1226 654 1283 quando
684 1224 766 1270 uni
792 1224 990 1283 principi
1032 1224 1236 1270 totaliter
1269 1223 1519 1282 subjaceat,
1561 1230 1616 1271 ut
1656 1225 1713 1271 de
1747 1238 1796 1272 se
1833 1218 1978 1285 pate't.

340 1297 463 1354 Ergo
483 1298 738 1342 humanum
764 1308 911 1354 genus
935 1296 1016 1342 uni
1039 1297 1238 1354 principi
1264 1297 1505 1354 subjacens
1530 1299 1732 1345 maxime
1757 1300 1854 1346 Deo
1877 1302 1975 1347 assiv

340 1374 557 1419 milatur:
598 1379 644 1419 et
683 1385 766 1430 per
803 1384 1106 1429 consequenS,
1141 1372 1342 1416 maxime
1380 1377 1449 1418 est
1486 1373 1746 1419 secundum
1773 1374 1978 1421 divinam

340 1447 665 1503 intentionem,
688 1446 811 1504 quod
836 1451 905 1491 est
930 1446 1045 1490 bene
1078 1450 1124 1489 et
1153 1445 1329 1501 optime
1355 1457 1404 1491 se
1428 1446 1597 1492 habere
1614 1459 1630 1503 ;
1656 1452 1710 1493 ut
1736 1448 1784 1493 in
1810 1449 1979 1506 princi-

341 1521 416 1579 pio
442 1521 578 1578 hujus
605 1520 792 1578 capituli
819 1520 1066 1577 probatum
1093 1524 1176 1564 est.

460 1594 483 1658 §
517 1596 585 1641 XI.
617 1597 733 1641 Item
758 1595 875 1640 bene
900 1605 949 1638 se
975 1593 1126 1649 habet,
1154 1598 1200 1638 et
1226 1593 1397 1651 optime
1428 1594 1577 1639 omnis
1609 1593 1743 1651 filius,
1769 1607 1877 1641 cum
1900 1609 1982 1643 ve-

339 1671 472 1729 stigia
497 1669 688 1728 perfecti
710 1667 869 1726 patris,
895 1666 943 1711 in
968 1670 1196 1724 quantum
1222 1665 1407 1723 propria
1423 1670 1589 1711 natura
1609 1666 1854 1724 permittit,
1879 1668 1979 1713 imi-

340 1751 480 1791 tatur.
507 1744 773 1790 Humanum
798 1754 943 1799 genus
969 1740 1089 1786 filius
1111 1746 1179 1786 est
1205 1739 1323 1799 coeli3
1348 1739 1474 1798 quod
1498 1744 1568 1786 est
1590 1739 1980 1798 perfectissimum

339 1820 388 1865 in
413 1819 537 1865 omni
563 1830 701 1875 opere
727 1829 824 1863 suo.
854 1816 1053 1861 Generat
1080 1814 1202 1860 enim
1223 1815 1358 1860 homo
1383 1814 1631 1871 hominem,
1658 1819 1707 1880 et
1730 1814 1822 1861 sol:
1843 1813 1979 1872 juxta

339 1891 601 1938 secundum
626 1890 682 1934 de
706 1888 911 1934 Naturali
941 1887 1118 1933 auditu.
1147 1887 1269 1944 Ergo
1290 1887 1463 1945 optime
1489 1898 1538 1932 se
1559 1887 1696 1933 habet
1720 1887 1978 1940 humanum

338 1976 502 2023 genus,
530 1975 637 2010 cum
662 1962 854 2019 vestigia
895 1961 1011 2016 coeli,
1050 1967 1280 2018 quantum
1316 1952 1500 2019 propria
1536 1966 1702 2007 natura
1731 1962 1978 2020 permittit,
2008 2013 2012 2015 ,

339 2040 564 2084 imitatur.
593 2037 651 2082 Et
680 2048 787 2082 cum
814 2035 982 2081 coelum
1010 2040 1160 2080 totum
1186 2034 1325 2080 unico
1342 2039 1489 2092 motu,
1515 2035 1693 2081 scilicet
1718 2035 1855 2093 primi
1880 2049 1981 2083 mo-

339 2112 457 2168 bilis,
483 2116 530 2157 et
555 2110 695 2156 unico
719 2114 898 2154 motore
924 2109 1001 2166 qui
1027 2109 1151 2153 Deus
1177 2113 1262 2164 est,
1295 2108 1537 2164 regulatur
1560 2108 1609 2154 in
1639 2110 1853 2156 omnibus
1883 2111 1976 2157 suis

339 2185 564 2244 partihuS,
593 2183 794 2228 motibus
815 2187 861 2227 ot
883 2181 1155 2237 motorihuS‚
1179 2186 1232 2226 ut
1255 2180 1610 2238 philosophando
1633 2180 1977 2228 evidentissime

338 2259 539 2304 humana
560 2255 676 2302 ratio
704 2254 1006 2313 deprehendit
1027 2268 1035 2299 :
1063 2254 1101 2300 si
1125 2266 1238 2302 vere
1264 2254 1587 2314 syllogizatum
1611 2259 1696 2312 est,
1720 2254 1975 2302 humanum

338 2341 484 2389 genus
517 2334 631 2374 tunc
661 2328 834 2386 optime
871 2339 920 2373 se
956 2327 1107 2384 hahet,
1146 2327 1331 2386 quando
1357 2328 1414 2373 ab
1447 2327 1587 2374 unico
1619 2327 1842 2386 principe,
1877 2334 1976 2374 tan·

339 2415 476 2462 quam
496 2404 553 2448 ab
570 2401 709 2447 unico
730 2407 926 2457 motore,
953 2406 999 2446 et
1024 2400 1163 2446 unica
1184 2399 1301 2457 lege,
1326 2404 1560 2458 tamquam
1587 2400 1644 2446 ab
1670 2399 1809 2446 unico
1828 2407 1976 2458 motu,

338 2479 386 2524 in
411 2477 507 2523 suis
531 2474 786 2522 motoribus
818 2480 864 2522 et
888 2474 1091 2521 motibus
1114 2474 1368 2532 reguletur.
1395 2474 1595 2531 Propter
1617 2473 1744 2532 quod
1767 2485 1975 2526 necessa-

338 2551 463 2598 rium
488 2554 694 2609 apparet,
720 2549 779 2594 ad
801 2549 920 2594 bene
946 2560 1044 2594 esse
1074 2548 1237 2594 mundi
1263 2547 1576 2594 monarchiam
1602 2556 1718 2604 esse,
1752 2545 1852 2594 sive
1876 2548 1976 2593 uni-

340 2636 448 2671 cum
486 2622 814 2681 principatum,
856 2622 935 2681 qui
976 2623 1224 2680 imperium
1265 2622 1538 2680 appellatur.
1580 2621 1708 2668 Hanc
1747 2621 1974 2668 rationem

338 2698 595 2755 suspirabat
617 2697 805 2743 Boetius
827 2696 1013 2743 dicens:
1050 2699 1083 2744 O
1118 2698 1237 2755 selim
1270 2698 1505 2743 hominum
1536 2708 1690 2755 qenuS,
1729 2697 1778 2743 Si
1805 2701 1975 2744 vestros

341 2775 520 2818 animos
545 2784 690 2824 amor,
723 2770 819 2824 Quo
842 2770 1001 2815 coelum
1029 2771 1223 2827 regitur,
1250 2774 1392 2828 repat.

460 2841 483 2906 ἕ
516 2845 602 2890 ΧΠ.
637 2842 921 2901 Ubicumque
947 2847 1100 2899 potest.
1129 2854 1227 2888 esse
1251 2842 1464 2900 litigium,
1489 2841 1551 2888 ibi
1576 2841 1714 2888 debet
1737 2853 1836 2889 esse
1855 2841 1974 2901 judi·
2023 2866 2026 2867 ν
2050 2896 2054 2905 ..

342 2917 466 2966 cium
483 2932 498 2976 3
524 2917 655 2963 aliter
680 2921 799 2963 esset
825 2915 1163 2975 imperfectum,
1191 2916 1289 2962 sine
1319 2915 1505 2976 proprio
1528 2914 1814 2975 perfective:
1847 2917 1974 2976 quod
