2054 3262
312 163 404 210 320
917 167 1060 203 LIBER
1092 169 1351 206 SECUNDUS.

319 269 507 324 dicitur,
540 264 624 311 sibi
655 275 796 321 super
827 274 985 309 omnes
1016 263 1232 309 mortales
1264 264 1444 312 ascivit.
1474 266 1604 321 Quod
1637 267 1825 325 quidem
1853 265 1946 326 pri·

320 355 396 388 mo
427 341 491 386 sic
524 339 761 397 probatur.
793 335 1078 382 Nobilissimo
1109 336 1277 393 populo
1310 338 1548 395 convenit,
1593 338 1806 385 omnibus
1850 338 1947 383 aliis

319 413 550 474 praeserri:
569 422 789 457 romanus
813 409 1009 467 populus
1033 409 1119 455 fuit
1146 410 1481 455 nobilissimus:
1509 421 1618 467 ergo
1643 411 1863 458 convenit
1888 410 1947 467 ei,

319 488 416 533 aliis
447 484 658 530 omnibus
690 482 911 540 praeferri.
945 481 1189 538 Assumpta
1220 481 1395 526 ratione
1421 482 1644 539 probatur
1654 496 1668 539 3
1699 495 1807 529 nam
1837 495 1947 530 cum

320 562 465 606 honor
484 559 543 605 sit
571 556 816 615 praemium
840 555 1044 613 virtutis,
1072 561 1116 600 ct
1143 555 1290 600 omnis
1309 555 1515 612 praelatio
1537 555 1594 600 sit
1619 556 1780 614 honor,
1801 556 1949 602 omnis

322 632 531 690 praelatio
556 630 747 677 virtutis
779 635 847 674 cst
873 626 1132 698 praemium.
1167 628 1255 672 Sed
1286 633 1483 685 constat,
1515 628 1639 694 quod
1664 629 1830 674 merito
1854 628 1947 675 vir-

326 703 437 749 tutis
466 702 768 748 nobilitantur
791 701 1024 748 homines:
1058 699 1248 746 virtutis
1274 699 1491 747 videlicet
1517 701 1731 759 propriae,
1755 702 1831 749 vel
1858 713 1952 747 ma-

318 777 487 834 jorum.
523 777 603 822 Est
634 775 757 820 enim
787 775 996 820 nobilitas
1036 773 1188 820 virtus
1233 780 1278 821 et
1311 775 1484 822 divitiae
1525 775 1782 834 antiquae,¹
1813 774 1949 832 juxta

324 850 649 910 Rbilosophum
679 849 726 893 in
750 848 972 894 Ponticis,
1008 847 1066 892 Et
1092 846 1226 904 juxta
1257 847 1557 894 Juvenalem:
1593 849 1820 896 Nobilitas
1850 849 1947 892 sola

320 929 385 970 est
411 928 540 982 atque
563 923 705 967 unica
728 922 890 966 virtus.
919 920 1030 974 Quae
1064 918 1168 964 duae
1199 919 1442 964 sententiae
1466 920 1524 964 ad
1549 920 1660 966 duas
1690 919 1950 966 nobilitates
1994 941 1997 943 ·

321 998 525 1043 dantur:
559 993 616 1039 ad
646 993 879 1050 propriam
904 991 1094 1046 scilicet,
1129 996 1175 1036 ct
1206 990 1443 1048 majorum.
1467 991 1588 1050 Ergo
1613 992 1856 1049 nobilibuS,
1879 1005 1951 1038 ra-

326 1070 451 1116 tione
482 1079 649 1122 causae,
688 1064 930 1122 praemium
962 1063 1241 1120 praelationis
1282 1064 1565 1111 conveniens
1600 1070 1683 1111 est.
1731 1064 1791 1110 Et
1839 1076 1948 1110 cum

323 1141 513 1201 praemia
559 1139 736 1185 meritis
775 1141 866 1183 sint
906 1138 1231 1192 mensuranda,
1267 1138 1401 1195 juxta
1447 1139 1559 1184 illud
1600 1138 1949 1196 evangelicum:

325 1215 494 1260 Eadem
530 1225 748 1258 mensura
771 1225 861 1270 qua
885 1213 1030 1256 mensi
1057 1214 1254 1270 fueriti&
1281 1215 1542 1258 remetietur
1565 1213 1687 1259 vobis
1708 1227 1723 1266 ,·
1754 1211 1954 1268 maxime

320 1287 480 1343 nobili,
514 1286 714 1331 maxime
744 1296 942 1342 praeesse
975 1285 1210 1331 convenit.
1247 1285 1622 1343 Subassumptam
1661 1297 1791 1341 ver0,
1822 1289 1952 1331 vete-

325 1373 434 1407 rum
466 1358 726 1406 testimonia
757 1357 985 1414 suadent3
1017 1370 1123 1403 nam
1155 1357 1341 1405 divinus
1370 1364 1506 1416 poeta
1535 1364 1694 1405 noster
1723 1359 1951 1416 VirgiliuS,

326 1447 409 1494 per
442 1440 586 1480 totam
611 1434 864 1486 AEneidem‚
891 1432 1138 1488 gloriosum
1157 1444 1312 1490 regem
1339 1433 1549 1489 AEneam,
1575 1438 1755 1492 patrem
1777 1432 1955 1478 romani

328 1507 482 1565 populi
513 1505 651 1552 fuisse
678 1510 894 1559 testatur,
916 1503 964 1548 iu
987 1503 1258 1549 memoriam
1281 1505 1608 1562 sempiternam
1629 1518 1641 1560 ;
1673 1505 1798 1562 quod
1823 1504 1954 1550 Titus

329 1581 505 1636 Livius,
537 1586 772 1636 gestorum
802 1578 1112 1622 Romanorum
1142 1575 1291 1622 scriba
1323 1576 1547 1633 egregius,
1573 1576 1622 1621 in
1652 1577 1798 1633 prima
1823 1581 1954 1634 parte

324 1652 401 1698 sui
431 1651 694 1708 voluminiS,
728 1661 832 1708 quae
864 1660 890 1694 a
921 1653 1054 1705 capta
1085 1647 1217 1705 Troja
1257 1648 1397 1694 sumit
1429 1649 1687 1707 exordium,
1727 1655 1955 1696 contesta-

331 1732 423 1772 tur.
460 1725 546 1781 Qui
577 1725 765 1783 quidem
796 1722 1128 1770 invictissimus
1159 1728 1299 1781 atque
1329 1723 1558 1781 piissimus
1587 1730 1734 1783 pater,
1769 1730 1954 1784 quantae

332 1799 585 1846 nobilitatis
622 1797 776 1854 fuerit,
817 1808 912 1842 non
948 1794 1096 1840 solum
1126 1805 1207 1840 sua
1238 1795 1524 1842 considerata
1563 1797 1758 1854 virtute,
1798 1797 1879 1842 sed
1909 1802 1955 1843 et

332 1873 682 1931 progenitorum
729 1881 937 1922 suorum,
974 1875 1115 1929 atque
1154 1880 1371 1925 uxorum,
1409 1880 1608 1926 quorum
1651 1867 1957 1928 utrorumque

332 1945 542 1991 nobilitas
571 1940 864 1988 haereditario
889 1940 994 1997 jure
1025 1939 1074 1985 in
1102 1938 1255 1998 ipsum
1279 1939 1521 1997 confluxit,
1547 1942 1776 1999 explicare
1801 1942 1959 1999 nequi·

332 2030 464 2064 rem:
497 2017 579 2063 sed
613 2026 791 2062 summa
830 2026 997 2071 sequar
1035 2013 1228 2070 vestigia
1257 2025 1430 2060 rerum.
1480 2015 1715 2071 Quantum
1753 2027 1863 2074 ergo
1901 2017 1959 2062 ad
2007 2006 2010 2007 ⁷

334 2093 566 2153 propriam
596 2091 694 2149 eJus
723 2089 1025 2145 nobilitatem,
1057 2088 1311 2135 audiendus
1341 2095 1411 2136 est
1444 2095 1579 2148 poeta
1610 2096 1780 2148 noster,
1810 2091 1960 2136 intro·

337 2167 511 2211 ducens
532 2164 580 2209 in
604 2163 752 2221 primo
776 2160 997 2207 Ilioneum
1019 2166 1227 2207 orantem
1252 2161 1346 2208 sic:
1377 2165 1479 2210 Rea:
1499 2168 1600 2211 erat
1623 2166 1797 2212 AEneas
1817 2165 1958 2222 nobis,

326 2253 417 2299 quo
433 2238 606 2293 justior
631 2238 751 2283 alter
777 2238 871 2284 Nec
898 2237 1063 2292 pietate
1084 2236 1186 2293 suit,
1211 2249 1293 2284 nec
1317 2238 1430 2284 bello
1454 2238 1604 2294 major
1627 2243 1667 2285 et
1688 2241 1851 2287 armis,
1867 2239 1960 2286 Au-

334 2313 530 2359 diendus
561 2317 629 2357 est
660 2310 782 2356 idem
806 2308 855 2355 in
878 2314 1027 2366 sext0,
1058 2310 1138 2368 qui
1170 2322 1278 2357 cum
1310 2311 1366 2357 de
1395 2311 1565 2358 Miseno
1596 2318 1780 2361 mortuo
1805 2313 1961 2371 loque-

334 2392 485 2442 retur,
518 2385 597 2443 qui
628 2384 779 2430 fuerat
810 2382 1021 2429 Hectoris
1051 2383 1262 2430 minister
1301 2384 1349 2430 in
1380 2384 1513 2442 bello,
1544 2392 1591 2432 et
1630 2393 1732 2445 post
1762 2394 1981 2434 mortemv

330 2458 545 2506 Hectoris
587 2458 748 2519 AEneae
789 2456 1051 2502 ministrum
1083 2469 1132 2502 se
1165 2457 1367 2515 dederat,
1409 2459 1520 2506 dicit
1549 2459 1701 2519 ipsum
1737 2461 1962 2508 Misenum

337 2545 433 2579 non
462 2530 676 2578 inferiora
705 2535 985 2588 sequutum:
1020 2531 1407 2588 comparationem
1435 2533 1608 2579 faciens
1642 2533 1698 2580 de
1728 2534 1874 2591 AEnea
1905 2536 1963 2581 ad

334 2607 600 2662 Hectorem,
641 2616 781 2664 quem
820 2616 917 2663 prae
956 2603 1167 2650 omnibus
1195 2604 1420 2652 Homerus
1463 2605 1637 2664 glorific
1638 2613 1700 2665 at
1731 2613 1786 2690 ut
1817 2608 1963 2655 refert

378 2727 394 2755 1
419 2727 515 2763 Vedi
551 2726 587 2761 la
611 2733 777 2761 canzone
802 2723 851 2759 111
873 2723 934 2759 del
967 2724 1115 2759 Convito
1233 2725 1299 2755 Che
1313 2726 1377 2756 foss
1363 2735 1398 2756 se
1413 2728 1511 2756 antica
1525 2735 1579 2764 po
1570 2729 1703 2758 sesston
1718 2730 1748 2758 d'
1759 2737 1854 2781 avere

332 2779 436 2827 (XVI
472 2778 535 2813 del
559 2775 817 2822 Οαηῑοηίενε),
849 2785 870 2812 e
895 2775 1117 2821 particolar·
1234 2763 1298 2792 ⁶⁰¹¹
1315 2772 1346 2792 ’Θ
1331 2765 1401 2800 ‘³⁸⁸¹
1407 2773 1475 2794 “²⁰¹²
1459 2764 1630 2837 ntnlgetlnn
1644 2811 1675 2831 ,
1691 2803 1719 2830 1
1723 2805 1753 2834 b

329 2831 462 2867 mente
488 2829 499 2863 i
523 2835 629 2864 VerSl
1234 2834 1259 2870 E
1275 2842 1448 2878 gientlezn
1434 2850 1589 2893 novunqu
1593 2846 1754 2882 evirtute.
1792 2843 1795 2847 ’

1234 2879 1281 2910 ua
1297 2887 1356 2908 non
1372 2880 1488 2909 virtute
1504 2881 1550 2909 ον’
1562 2881 1632 2910 omn

387 2916 605 2954 Taleimperb,
620 2917 677 2947 che
691 2916 863 2954 gentilem·
874 2916 1011 2947 volam...
1529 2917 1574 2947 St.
1593 2920 1648 2955 Vl.
1667 2921 1783 2956 v.1.2.
