2054 3262
267 163 353 210 218

260 271 530 328 quicumque
553 268 604 311 in
629 265 773 311 emilia
799 263 1080 317 tabescentem,
1102 264 1314 320 patriam
1337 265 1517 310 tantum
1539 263 1806 314 sommantio
1835 276 1903 309 re-

264 339 451 389 visunt.¹
479 340 562 385 Est
588 344 634 384 et
659 338 844 396 sapidus
870 344 916 383 et
942 342 1187 393 venustUS,
1222 335 1302 393 qui
1327 341 1396 382 est
1423 337 1717 394 quorundam
1740 348 1902 394 super·

265 416 367 468 1101ερ
394 421 534 460 tenus
573 413 852 459 rhetoricam
890 410 1223 467 haurientium,
1250 416 1304 456 ut
1329 425 1338 456 :
1378 411 1654 457 Laudabilis
1685 411 1900 457 discretio

262 491 549 535 marchionis
588 490 805 542 Estensis,
833 492 871 532 et
895 499 981 532 saa
1011 474 1369 544 maqnific'entia,
1410 489 1696 543 praeparata,
1727 487 1904 531 omentis

264 563 400 608 illum
419 563 535 619 facit
556 574 647 607 esse
669 562 897 607 dilectum.
925 560 1007 606 Est
1033 566 1079 606 et
1105 560 1292 617 sapidus
1322 565 1368 605 et
1408 564 1652 615 venustUS‚
1684 557 1824 604 etiam
1855 562 1902 602 et

266 634 489 691 excelsus,
531 634 612 692 qui
646 639 714 678 est
743 633 1025 678 dictatorum
1060 631 1323 689 illustrium,
1366 637 1449 678 ut:
1491 631 1651 687 Ejecta
1690 633 1904 678 mamma

265 707 588 761 paraenorum
613 704 665 748 de
694 705 802 749 sinu
839 707 927 754 tao,
964 703 1220 755 Florentia,
1258 703 1559 760 nequicquam
1600 702 1904 748 Trinacriam

272 777 420 823 Totila
439 789 570 821 serus
594 772 775 821 adivit.²
802 774 935 820 Hunc
961 774 1156 830 gradum
1183 773 1545 819 constructionis
1574 771 1904 818 excellentissi-

266 861 393 894 mum
417 849 707 894 nominamus
722 862 737 906 3
771 854 817 894 et
850 848 924 894 hic
956 852 1024 892 est
1050 859 1191 905 quem
1231 846 1501 904 quaerimuS,
1543 858 1651 893 cum
1686 857 1904 904 suprema

265 935 509 979 venemur,
535 929 589 969 ut
618 923 796 968 dietum
823 927 905 967 est.
948 921 1044 966 Hoc
1085 921 1231 966 solum
1270 921 1472 966 illustres
1504 920 1742 967 cantiones
1771 919 1904 966 inve-

264 995 461 1041 niuntur
487 1001 740 1052 contextae,
769 1000 822 1040 ut
844 1008 852 1039 :

357 1067 618 1114 Gerardus:

863 171 1008 206 LIBER
1042 169 1303 206 SECUNDUS.

549 1176 565 1191 α
593 1160 631 1196 Si
661 1171 728 1209 pci-
757 1171 844 1197 mon
870 1161 1104 1198 Sobre-Totz
1133 1171 1180 1197 no
1209 1160 1300 1197 fos.³
1327 1176 1344 1193 ι

354 1254 456 1300 Rex
479 1254 716 1302 Navarriae
739 1269 749 1300 :

549 1360 565 1376 κ
593 1345 700 1381 Dreit
729 1345 843 1382 Amor
868 1345 981 1394 qu’en
1008 1356 1099 1382 mon
1126 1356 1193 1382 eor
1223 1344 1410 1393 repaire.⁸
1437 1361 1453 1378 ι·

353 1439 609 1497 Folquetus
635 1439 690 1484 de
717 1439 911 1485 Marsilia
928 1454 937 1485 :
955 1438 970 1464 ‘⁵

553 1543 568 1558 ι
595 1528 687 1564 Tam
718 1528 917 1565 m'abelhis
945 1528 1137 1567 l’amoros
1167 1529 1427 1578 pensamens.⁶
1452 1546 1470 1563 ι

352 1622 609 1668 Harnaldus
635 1624 797 1670 Daniel
813 1638 821 1669 :

553 1731 569 1747 α
596 1715 679 1753 Sols
707 1715 767 1752 sui
795 1717 862 1765 qui
890 1716 946 1753 sai
977 1716 1014 1754 lo
1042 1716 1235 1764 sobi-asan,
1262 1728 1336 1766 que
1364 1728 1400 1753 m
1429 1720 1569 1754 somn
1604 1743 1608 1746 -

351 1810 622 1856 Hamericus
648 1811 703 1856 de
729 1811 905 1856 Belinoi
927 1825 936 1856 :
956 1810 973 1835 ⁸

552 1917 567 1932 α
593 1901 684 1938 Nais
714 1901 802 1937 hom
832 1912 881 1937 no
911 1907 977 1949 pot
1005 1901 1169 1949 complii·
1197 1898 1468 1940 adi-eitamen.⁹
1492 1917 1513 1935 v1·

303 2003 319 2031 1
344 2004 533 2039 Dettando
573 2007 708 2048 queste
749 2004 860 2048 frasi,
903 2004 925 2038 1¹
940 2005 1046 2040 esule

260 2054 442 2100 Alighieri
462 2066 532 2092 non
552 2056 597 2090 ha
623 2059 756 2100 potulo
783 2065 856 2091 non
873 2056 1045 2092 alludere

258 2105 332 2140 alla
377 2106 529 2149 propria
563 2105 744 2140 infelicith
777 2105 838 2141 del
880 2106 1043 2142 trovarsi

261 2155 356 2191 fuori
375 2154 475 2191 della
494 2164 563 2190 sua
583 2157 717 2198 patria.

303 2205 320 2231 2
345 2206 463 2250 Opina
483 2205 507 2240 11
528 2206 672 2241 Dionisi
691 2206 753 2249 (ed
772 2206 885 2250 opino
903 2215 974 2251 pur
992 2206 1044 2254 io)

255 2258 326 2294 che
343 2257 409 2301 qui
439 2266 506 2300 per
542 2258 654 2291 roma
670 2257 725 2292 sia
752 2257 911 2302 figurato
930 2258 1044 2295 Cario

255 2307 294 2342 di
317 2307 460 2347 valois,
479 2305 630 2341 fratello
648 2307 683 2340 di
705 2307 853 2350 Filippo
872 2307 896 2342 11
924 2307 1043 2350 Bello,

262 2357 299 2391 la
328 2361 469 2391 venuta
503 2357 540 2391 in
571 2356 729 2391 Firenze
758 2357 818 2392 del
852 2358 966 2402 quale
1005 2358 1044 2393 fu

259 2416 373 2441 causa
406 2407 617 2451 principale
653 2407 754 2442 delle
786 2411 971 2443 sventure
1006 2407 1045 2443 di

258 2460 378 2494 Dante
397 2458 531 2493 edella
557 2459 702 2493 fazione
734 2459 792 2494 de’
810 2459 979 2500 Bianchi‚
998 2459 1046 2495 ed

259 2509 283 2544 11
308 2508 422 2554 quale
441 2508 546 2542 lardo
573 2510 614 2542 in
643 2508 771 2543 Sicilia
794 2520 811 2544 e
833 2509 995 2543 indarno
1012 2521 1047 2544 se

255 2559 294 2593 η’
313 2557 434 2592 nudo:
462 2567 484 2591 e
516 2557 654 2600 perche
688 2559 723 2593 in
758 2558 862 2592 nulla
889 2558 1004 2593 riuscl
1023 2568 1044 2593 e

258 2610 361 2645 nulla
389 2608 575 2653 acquistb‚
609 2610 644 2644 fu
665 2619 732 2654 per
755 2610 930 2645 iseherno
946 2611 1045 2644 chia-

258 2663 361 2696 mato
381 2660 490 2695 Garlo
507 2669 620 2695 senza
638 2664 750 2695 terra.

301 2711 318 2738 3
345 2713 387 2747 Se
417 2714 489 2746 mio
521 2711 765 2757 Sopra—Tutli
786 2723 860 2747 non
876 2713 982 2757 fosse.
1001 2733 1044 2739 —

258 2763 341 2798 Mon
381 2762 617 2807 Sobre-Totz,
660 2765 735 2797 mio
782 2762 1044 2807 sopra-Tum,

253 2822 320 2848 era
341 2813 363 2847 il
383 2813 583 2849 vicenome
610 2814 679 2850 che
697 2814 864 2849 Gerardo
885 2815 1042 2849 11011101-

258 2863 293 2897 10
326 2862 422 2896 dava
454 2862 528 2897 alla
559 2872 629 2899 sua
660 2865 797 2898 donna.
833 2862 922 2899 Cosi
955 2863 1039 2898 altri

252 2913 454 2949 ‘rrovatori
488 2915 716 2960 appellavan
741 2914 776 2950 le
806 2914 888 2950 loro
915 2914 1041 2952 donne

1124 2005 1593 2051 Mens-de-rlormameglio
1604 2005 1640 2041 di
1654 2005 1775 2040 donna
1787 2013 1797 2047 ς
1811 2003 1912 2039 Βοη-

1123 2067 1273 2100 respezq,
1292 2057 1397 2092 Buon
1417 2058 1577 2101 rispetto
1593 2057 1911 2099 ossiasperanza;

1125 2108 1312 2151 Beth-rae,
1332 2107 1394 2143 Bel
1411 2109 1541 2154 raggio
1568 2117 1624 2144 ec.
1642 2107 1887 2154 (Nannucci).

1168 2157 1186 2184 Β
1213 2159 1332 2195 Dritto
1351 2160 1489 2195 Amore
1506 2160 1576 2195 che
1594 2160 1631 2195 in
1651 2158 1728 2194 mio
1756 2167 1844 2194 core
1861 2157 1913 2193 11-

1153 2219 1230 2244 ara.

1128 2219 1149 2254 p
1168 2258 1184 2284 ⁵
1212 2258 1253 2293 Di
1271 2259 1409 2302 questo
1425 2258 1630 2294 Trovatore
1658 2257 1765 2301 pax-la
1791 2257 1911 2292 Dante

1124 2310 1186 2346 nel
1206 2311 1304 2354 Par„
1322 2312 1435 2345 canto
1452 2308 1518 2354 tx,
1537 2317 1574 2343 v.
1591 2308 1730 2346 94-95:

1175 2387 1269 2416 Folco
1282 2387 1324 2416 mi
1339 2386 1425 2415 disse
1437 2385 1540 2423 quella
1556 2388 1663 2422 gente.
1676 2392 1694 2413 ι
1707 2382 1759 2412 cui

1214 2429 1260 2457 Fu
1277 2430 1346 2458 noto
1357 2428 1380 2457 il
1391 2436 1482 2458 nome
1497 2428 1559 2457 mio
1573 2446 1708 2457 ......

1167 2510 1185 2537 ⁶
1216 2509 1328 2545 Tanto
1363 2509 1612 2545 m’abbellisce
1643 2509 1708 2555 (ω’
1726 2506 1906 2555 aggi-ada)

1124 2561 1326 2596 l’amoroso
1350 2565 1599 2607 pensamemo.

1169 2610 1187 2639 '1
1215 2611 1296 2646 Salo
1312 2622 1412 2655 sono,
1428 2611 1488 2647 che
1505 2621 1543 2645 so
1558 2613 1584 2645 il
1611 2611 1852 2657 sopraffanno
1867 2610 1909 2655 (11

1124 2670 1241 2706 grave
1258 2661 1488 2706 dispiacere)
1506 2661 1566 2696 che
1582 2662 1635 2695 mi
1650 2671 1762 2705 sor-90.

1167 2712 1184 2740 8
1209 2712 1351 2754 Questc,
1385 2714 1564 2757 Amerigo
1593 2712 1639 2747 da
1665 2712 1751 2746 altri
1768 2710 1911 2746 edetto

1121 2763 1159 2797 di
1179 2762 1326 2807 Belinei,
1359 2772 1381 2798 e
1412 2762 1473 2797 dal
1503 2762 1673 2798 Barbieri
1700 2761 1847 2806 (Poesfa
1861 2763 1910 2795 ri-

1123 2814 1237 2859 mata)
1257 2814 1294 2849 di
1313 2813 1496 2849 Belenuci.

1165 2864 1182 2890 9
1209 2865 1428 2901 Nall’uomo
1453 2875 1529 2899 non
1549 2863 1624 2910 pub
1639 2865 1795 2912 compire
1820 2863 1914 2899 dri!-

1121 2919 1274 2952 .‹1mente
1291 2914 1600 2962 (giustamente).
1767 2924 1771 2927 “
