2028 3256
286 143 377 190 432
722 150 942 193 QUAESTIO
973 153 1034 188 DE
1068 149 1196 194 AQUA
1225 152 1287 189 ET
1320 151 1495 189 TERRA.

292 245 386 291 vim
411 256 541 290 suam
563 244 742 299 habeat,
767 248 820 289 ut
842 243 889 289 in
912 242 964 288 iis
989 254 1094 300 quae
1117 242 1424 289 demonstrata
1447 247 1555 290 sunt
1575 241 1788 303 superius
1817 251 1903 302 per

287 316 578 374 impossibile.
603 316 663 362 Et
684 316 749 362 sic
772 321 899 373 patet
926 315 981 361 de
1005 315 1226 362 secundo·

803 473 940 509 Contra
967 471 1216 509 determinata
1244 471 1384 522 arguit.

377 607 401 671 ἓ
433 610 539 655 XVI.
569 609 657 655 Sed
681 614 840 655 contra
867 621 934 665 ea,
961 621 1066 666 quae
1087 614 1196 655 sunt
1221 609 1540 666 determinata,
1572 609 1638 655 sic
1662 607 1894 665 arguitur:

288 682 620 728 Gravissimum
648 692 813 739 corpus
839 681 1077 738 aequaliter
1104 680 1304 738 undique
1328 693 1381 727 ac
1403 680 1636 738 potissime
1657 680 1774 737 petit
1799 692 1900 726 cen·

293 761 415 800 trum
427 768 442 810 3
471 755 611 800 Terra
647 759 715 799 est
754 753 1075 810 gravissimum
1116 763 1304 809 corpus:
1344 751 1464 808 Ergo
1496 752 1739 810 aequaliter
1769 752 1903 798 undi-

289 840 399 884 que,
424 840 477 873 ac
502 826 733 884 potissime
760 827 875 882 petit
903 830 1130 871 centrum.
1158 825 1217 870 Et
1244 837 1303 871 ex
1326 826 1411 871 hac
1436 826 1727 872 conclusione
1752 826 1901 884 sequi·

293 906 384 956 tur,
412 906 463 944 ut
490 900 742 956 declarabO,
765 899 887 958 quod
910 905 1031 945 terra
1054 899 1292 956 aequaliter
1314 899 1362 945 in
1387 899 1509 944 omni
1535 904 1665 955 parte
1692 910 1790 944 suae
1817 899 1905 944 cir-
1951 952 1953 954 ,

285 969 606 1015 cumferentiae
632 969 768 1015 distet
793 982 818 1014 a
845 974 1020 1024 centrO,
1046 980 1127 1025 per
1151 968 1238 1014 hoc
1273 968 1395 1026 quod
1432 968 1599 1014 dicitur
1637 971 1902 1028 oequaliler:

289 1048 338 1088 et
364 1044 487 1100 quod
511 1043 569 1088 sit
589 1043 801 1088 substans
822 1042 1033 1087 omnibus
1058 1041 1342 1098 corporibuS,
1369 1054 1451 1098 per
1471 1041 1557 1087 hoc
1582 1042 1709 1099 quod
1728 1041 1896 1088 dicitur

283 1117 537 1173 potissime;
568 1114 690 1159 unde
714 1119 986 1171 sequeretur
1012 1113 1066 1171 (si
1086 1125 1204 1171 aqua
1230 1119 1349 1159 esset
1376 1114 1684 1170 concentrica,
1710 1119 1765 1160 ut
1791 1113 1892 1160 dici-

291 1189 406 1248 tur),
439 1188 562 1246 quod
593 1193 716 1233 terra
751 1186 956 1244 undique
997 1192 1115 1233 esset
1161 1186 1440 1233 circumfusa
1470 1193 1517 1233 et
1555 1188 1704 1235 latens
1714 1202 1729 1246 3
1773 1187 1907 1246 cujus

284 1260 573 1306 contrarium
598 1260 825 1306 videmus
854 1259 984 1315 Quod
1007 1259 1079 1305 illa
1117 1265 1373 1317 sequantur
1408 1274 1468 1306 ex
1504 1261 1812 1318 conclusione,
1841 1261 1905 1308 sic

287 1332 492 1377 declaro:
525 1332 754 1377 Ponamus
779 1343 863 1390 per
890 1332 1189 1389 contrarium,
1214 1332 1312 1380 sive
1336 1333 1596 1391 oppositum
1618 1346 1904 1392 consequen·

287 1402 346 1448 tis
377 1402 511 1458 illius,
538 1403 663 1460 quod
691 1408 760 1448 est
788 1403 837 1448 in
861 1405 984 1449 omni
1008 1410 1137 1461 parte
1164 1405 1401 1462 aequaliter
1423 1406 1607 1463 distare,
1630 1411 1677 1452 et
1699 1406 1904 1452 dicamus

282 1475 413 1532 quod
443 1487 536 1521 non
569 1475 733 1532 distet;
765 1481 812 1520 et
842 1487 1066 1533 ponamus
1098 1477 1220 1533 quod
1251 1466 1310 1523 ex
1338 1490 1431 1523 una
1469 1483 1600 1536 parte
1639 1476 1907 1535 superficies

289 1553 426 1592 terrae
453 1547 587 1593 distet
612 1560 693 1605 per
719 1547 884 1604 viginti
909 1548 1069 1605 stadia,
1092 1561 1152 1594 ex
1176 1548 1261 1595 alia
1281 1561 1363 1606 per
1389 1549 1574 1595 decem:
1596 1555 1642 1596 et
1667 1549 1735 1595 sic
1754 1560 1903 1594 unum

285 1621 659 1678 ⁴hemisphaerium
685 1620 781 1679 ejus
806 1622 893 1669 erit
919 1622 1101 1680 majoris
1127 1623 1395 1682 quantitatis
1416 1635 1554 1682 quam
1574 1623 1794 1669 alterum:
1820 1633 1908 1668 nec

287 1692 429 1738 refert
461 1698 623 1739 utrum
648 1706 812 1751 parum
836 1694 913 1741 vel
953 1695 1153 1740 multum
1194 1683 1565 1744 diversificantur
1594 1696 1643 1742 in
1674 1696 1907 1753 distantia,

286 1766 535 1813 dummodo
557 1766 942 1814 diversificentur.
963 1768 1115 1824 Quum
1136 1781 1242 1826 ergo
1267 1768 1451 1827 maj0ris
1471 1768 1742 1828 quantitatis
1768 1775 1905 1827 terrae

279 1840 344 1885 sit
374 1839 518 1897 maj0r
549 1840 700 1887 virtus
730 1841 960 1899 ponderis,
990 1841 1361 1900 hemisphaerium
1391 1841 1537 1900 majus
1566 1855 1649 1901 per
1678 1842 1906 1891 virtutem

283 1912 355 1957 sui
387 1913 600 1970 ponderis
631 1915 965 1971 praevalentem
997 1915 1197 1973 impellet
1227 1914 1597 1972 hemisphaerium
1625 1914 1799 1971 minuS,
1827 1914 1906 1959 do·

284 1997 372 2030 nec
401 1988 675 2044 adaequetur
706 1987 938 2045 quantitas
970 1987 1228 2045 utriusque,
1261 1999 1345 2046 per
1375 1986 1506 2044 cujus
1535 1986 1907 2044 adaequationcm

280 2060 559 2116 adaequetur
584 2059 783 2116 pondus;
817 2065 862 2104 et
894 2060 960 2105 sic
986 2060 1190 2117 undique
1214 2059 1381 2106 redibit
1407 2060 1464 2105 ad
1490 2058 1751 2106 distantiam
1773 2057 1908 2116 quin-
1936 2059 1938 2061 ’

285 2133 436 2178 decim
465 2134 739 2180 stadiorum:
766 2133 887 2179 sicut
918 2141 963 2180 et
995 2134 1207 2181 videmus
1237 2134 1284 2182 in
1314 2135 1590 2194 appensione
1614 2147 1669 2181 ac
1692 2133 1906 2192 adaequa·

283 2206 410 2251 tione
440 2206 706 2263 ponderum.
725 2206 773 2251 in
804 2205 1068 2252 bilancibuS.
1105 2207 1188 2253 Per
1219 2207 1344 2266 quod
1373 2212 1514 2265 patet,
1545 2206 1672 2265 quod
1701 2205 1909 2264 impossi-

284 2281 373 2326 bile
398 2286 483 2335 est,
510 2286 680 2326 terram
706 2280 945 2338 aequaliter
967 2286 1180 2326 centrum
1199 2284 1438 2339 petentem
1479 2279 1787 2327 diversimode
1809 2278 1909 2325 sive

284 2354 573 2412 inaequaliter
603 2354 651 2399 in
681 2367 762 2399 sua
794 2353 1165 2400 circumferentia
1197 2353 1365 2401 distare
1396 2353 1452 2400 ab
1483 2366 1552 2400 ec.
1595 2351 1716 2410 Ergo
1749 2363 1908 2398 neces-

282 2426 456 2471 sarium
488 2432 572 2482 est,
617 2426 874 2485 oppositum
914 2439 1052 2473 suum
1096 2427 1384 2486 inaequaliter
1424 2426 1626 2483 distare;
1673 2425 1796 2483 quod
1837 2429 1907 2470 est

289 2499 525 2556 aequaliter
548 2499 729 2556 distare,
750 2511 895 2557 quum
920 2499 1057 2545 distet
1074 2512 1089 2556 3
1116 2505 1162 2545 et
1186 2499 1253 2547 sic
1278 2499 1504 2546 declarata
1525 2504 1594 2545 est
1620 2509 1906 2555 consequen-

289 2571 363 2627 tia,
389 2584 448 2616 ex
469 2577 598 2629 parte
630 2571 742 2630 ejuS,
774 2573 897 2630 quod
926 2579 994 2619 est
1026 2573 1263 2631 aequaliter
1295 2574 1480 2619 distare.
1515 2571 1648 2628 Quod
1674 2570 1809 2616 etiam
1835 2581 1904 2616 se-

283 2650 471 2702 quatur,
502 2645 646 2702 ipsam
675 2645 884 2710 substare
915 2646 1125 2692 omnibus
1153 2646 1421 2704 corporibus
1447 2643 1592 2704 (quod
1613 2643 1743 2703 sequi
1768 2643 1903 2690 etiam

282 2729 348 2763 cx
377 2718 668 2783 conclusione
699 2717 976 2778 dicebatur),
1007 2718 1073 2765 sic
1105 2719 1310 2766 declaro:
1355 2718 1596 2766 Potissima
1631 2717 1786 2767 virtus
1824 2729 1904 2777 po-
