2028 3256
182 146 267 190 444
604 154 826 197 QUAESTIO
857 156 918 191 DE
951 155 1084 198 AQUA
1115 155 1177 191 ΕΤ
1210 155 1387 193 TERRA.

182 246 389 293 formiter
414 260 497 305 per
520 253 671 295 totum
692 249 952 296 virtuatum
967 264 982 308 3
1008 263 1102 297 non
1127 257 1195 297 est
1221 251 1356 308 rati0,
1397 262 1540 310 quare
1581 249 1720 309 magis
1759 249 1818 296 ab

182 320 266 367 ista
295 326 442 378 parte,
470 335 609 380 quam
634 324 690 369 ab
715 324 799 370 alia
825 325 1061 371 elevasset.
1090 325 1203 372 Cum
1244 325 1385 383 igitur
1426 337 1518 371 non
1553 315 1648 371 vsint
1687 324 1818 383 plura

182 406 373 452 corpora
405 395 602 452 mobilia,
642 401 816 454 praeter
866 397 1034 442 coelum
1077 397 1326 454 stellatum,
1372 396 1497 454 quod
1541 401 1610 442 est
1654 402 1819 443 octava

180 468 389 525 sphoera3
415 480 602 514 necesse
629 474 699 515 est
722 469 846 516 hunc
869 470 1085 517 effectum
1112 471 1169 516 ad
1193 470 1343 527 ipsum
1371 467 1548 515 reduci.
1581 467 1653 515 Ad
1688 467 1822 526 cuius

181 541 462 588 evidentiam
487 541 742 600 sciendum,
768 543 1020 601 quodlicet
1047 543 1215 589 coelum
1249 542 1481 588 stellatum
1515 541 1680 587 haheat
1717 540 1821 588 uni·

183 618 324 659 {atem
349 614 395 658 in
427 614 697 670 substantia,
728 615 864 661 habet
907 621 1061 661 tamen
1096 614 1482 672 multiplicitatem
1525 612 1574 659 in
1611 612 1820 668 virtute3

181 692 369 742 propter
395 686 516 743 quod
540 687 743 744 oportuit
782 687 949 732 habere
991 686 1306 733 diversitatem
1342 685 1465 731 illam
1506 685 1554 733 in
1593 685 1818 744 partibuS,

179 770 317 815 quam
342 758 568 815 videmUS,
595 765 648 805 ut
675 772 758 818 per
783 772 950 816 organa
977 758 1158 805 diversa
1178 759 1382 804 virtutes
1413 757 1617 804 diversas
1654 755 1821 804 influe-

179 838 280 877 ret:
318 838 364 878 et
400 832 479 891 qui
514 833 613 879 haec
647 845 740 880 non
764 834 983 890 advertit,
1020 840 1153 881 extra
1191 833 1385 878 limitem
1425 831 1718 891 philosophiae
1771 843 1822 878 se

179 917 276 950 esse
298 911 555 963 cognoscat.
584 906 798 952 Videmus
821 906 869 953 in
895 918 948 951 eo
975 906 1276 952 differentiam
1301 905 1349 950 in
1371 905 1687 962 magnitudine
1711 905 1820 951 stel-

179 979 326 1024 larum
352 985 398 1025 et
424 981 471 1026 in
495 981 616 1037 luce,
643 980 689 1027 in
713 980 870 1038 figuris
897 986 942 1025 et
967 979 1239 1037 imaginihus
1266 978 1664 1026 constellationum
1676 991 1692 1035 3
1715 989 1823 1036 quae

178 1052 367 1110 quidem
395 1051 665 1098 differentiae
686 1052 858 1098 frustra
898 1063 996 1097 esse
1041 1065 1134 1098 non
1171 1058 1380 1109 possunt,
1422 1058 1472 1098 ut
1514 1051 1820 1098 manifestissi-

178 1139 308 1172 mum
331 1139 428 1172 esse
457 1127 591 1171 dehet
618 1127 831 1172 omnibus
853 1127 899 1171 in
924 1126 1198 1184 philosophia
1222 1125 1427 1172 nutritis,
1461 1116 1589 1171 Unde
1628 1125 1712 1172 alia
1752 1131 1823 1171 est

179 1201 333 1247 virtus
356 1199 492 1257 hujus
519 1200 662 1245 stellae
691 1206 736 1245 et
763 1199 898 1255 illius,
926 1204 972 1245 et
994 1198 1077 1245 alia
1108 1198 1244 1255 hujus
1287 1199 1644 1245 constellationis
1684 1204 1730 1246 et
1769 1199 1824 1245 il·
1893 1212 1903 1219 ⁸

178 1273 265 1318 lius
281 1287 295 1329 3
323 1279 368 1318 et
394 1273 478 1320 alia
509 1273 662 1320 virtus
687 1274 940 1329 stellarum,
982 1286 1088 1331 quae
1129 1280 1237 1319 sunt
1278 1274 1394 1320 citra
1434 1274 1821 1332 aequinoctialem,

179 1349 225 1388 et
250 1343 334 1389 alia
360 1355 520 1389 earum
546 1355 652 1400 quae
679 1349 788 1389 sunt
816 1343 950 1389 ultra.
977 1343 1106 1389 Unde
1132 1356 1239 1389 cum
1270 1344 1432 1390 vultus
1461 1343 1699 1390 inferiores
1729 1344 1823 1391 sint

176 1416 345 1461 similes
370 1417 580 1463 vultibus
605 1415 940 1473 superiorihuS,
965 1420 1019 1461 ut
1045 1414 1323 1460 Ptolemaeus
1348 1414 1458 1460 dicit
1475 1428 1491 1472 3
1535 1427 1826 1474 consequens

177 1495 261 1544 est,
287 1489 412 1546 quod
436 1489 523 1534 iste
545 1488 738 1535 effectus
763 1501 858 1535 non
890 1489 1030 1546 possit
1055 1489 1216 1535 reduci
1256 1489 1343 1535 nisi
1382 1489 1430 1534 in
1471 1490 1639 1536 coelum
1673 1490 1822 1537 stella·

178 1568 295 1620 tum,
322 1568 375 1609 ut
401 1563 556 1610 visum
588 1569 691 1621 est:
720 1576 773 1610 eo
799 1565 923 1621 quod
947 1564 1197 1610 similitudo
1228 1565 1442 1612 virtualis
1470 1565 1645 1623 agentis
1675 1565 1826 1611 consi-

176 1643 267 1682 stat
291 1637 338 1682 in
363 1636 437 1682 illa
460 1636 651 1693 regione
678 1636 799 1693 coeli,
830 1649 935 1695 quae
968 1637 1116 1695 operit
1140 1637 1256 1683 hanc
1283 1643 1455 1684 terram
1480 1638 1725 1683 detectam.
1762 1637 1826 1683 Et

177 1721 286 1754 cum
308 1710 393 1754 ista
422 1715 543 1755 terra
571 1710 759 1755 detecta
787 1710 1068 1756 extendatur
1085 1723 1110 1757 a
1127 1710 1245 1757 linea
1266 1710 1572 1768 aequinoctiali
1598 1722 1746 1768 usque
1765 1711 1824 1757 ad

175 1783 356 1839 lineam,
383 1795 522 1841 quam
547 1782 767 1829 describit
790 1783 922 1841 polus
947 1782 1121 1829 zodiaci
1147 1783 1267 1829 circa
1300 1783 1458 1840 polum
1483 1783 1662 1839 mundi,
1681 1789 1734 1829 ut
1749 1795 1824 1829 su·

177 1856 331 1914 perius
353 1856 530 1901 dictum
555 1861 655 1912 est3
682 1855 978 1902 manifestum
1003 1860 1090 1911 est,
1116 1855 1241 1913 quod
1265 1855 1419 1902 virtus
1445 1855 1633 1902 elevans
1649 1861 1719 1902 est
1736 1855 1824 1901 illis

176 1928 332 1984 stelliS,
360 1940 464 1985 quae
491 1933 600 1973 sunt
632 1927 678 1972 in
704 1927 890 1983 regione
917 1926 1019 1972 coeli
1045 1926 1142 1972 istis
1168 1927 1348 1972 duobus
1379 1927 1564 1973 circulis
1589 1935 1823 1988 contenta,

174 2002 274 2049 sive
300 2002 451 2049 elevet
477 2014 560 2060 per
584 2002 772 2046 modum
798 2001 1100 2058 attractionis,
1123 2006 1175 2046 ut
1202 2013 1387 2058 magnes
1413 2002 1601 2049 attrahit
1626 2002 1820 2061 ferrum,

173 2076 272 2123 sive
298 2088 381 2133 per
406 2076 594 2121 modum
621 2075 854 2133 pulsionis‚
881 2076 1143 2133 generando
1174 2088 1370 2134 vapores
1400 2077 1642 2135 pellenteS,
1681 2083 1735 2125 ut
1772 2077 1822 2124 in

176 2147 531 2206 particularibus
555 2147 975 2194 montuositatihus.
1005 2149 1094 2195 Sed
1117 2162 1246 2195 nunc
1273 2151 1536 2207 quaeritur:
1566 2151 1722 2207 Quum
1745 2150 1821 2198 illa

175 2221 299 2278 regio
325 2221 425 2266 coeli
452 2221 741 2267 circulariter
765 2221 957 2279 feratur,
984 2235 1127 2280 quare
1154 2223 1226 2268 illa
1259 2223 1455 2270 elevatio
1485 2235 1581 2270 non
1611 2222 1699 2269 fuit
1732 2224 1821 2270 cir-

176 2295 384 2342 cularis?
410 2295 680 2353 Respondeo
712 2295 837 2352 quod
867 2295 968 2341 ideo
998 2309 1093 2342 non
1124 2296 1211 2343 fuit
1244 2296 1495 2354 circularis,
1527 2296 1636 2356 quia
1675 2302 1818 2343 mate-

177 2369 241 2414 ria
275 2380 370 2414 non
401 2366 658 2413 sufficiehat
689 2367 747 2411 ad
779 2373 954 2413 tantam
986 2367 1308 2416 elevationem.
1340 2370 1428 2416 Sed
1463 2375 1575 2417 tunc
1605 2371 1822 2429 arguitur

178 2443 333 2498 magis,
361 2447 407 2486 et
433 2440 691 2499 quaeritur:
726 2453 867 2499 quare
900 2441 1055 2499 potius
1094 2442 1290 2490 elevatio
1329 2443 1702 2503 hemisphaerialis
1731 2446 1820 2492 fuit

176 2517 231 2563 ah
256 2517 342 2562 ista
372 2521 520 2573 parte,
547 2527 688 2572 quam
712 2516 768 2561 ab
793 2515 912 2562 alia?
946 2517 1013 2562 Ad
1043 2517 1128 2563 hoc
1161 2523 1230 2563 est
1263 2517 1529 2576 dicendum,
1555 2519 1677 2565 sicut
1709 2519 1821 2567 dicit

178 2590 475 2648 Philosophus
500 2589 548 2635 in
572 2589 776 2635 secundo
807 2590 861 2634 de
897 2591 1026 2644 Coelo,
1068 2602 1216 2647 quum
1257 2590 1426 2648 quaerit
1467 2602 1609 2648 quare
1650 2591 1820 2638 coelum

178 2668 394 2709 movetur
419 2663 475 2708 ab
500 2661 677 2707 oriente
704 2661 751 2706 in
777 2661 1083 2718 occidentem,
1106 2667 1151 2707 et
1172 2674 1265 2707 non
1287 2675 1311 2707 e
1334 2674 1590 2709 converso:
1613 2663 1671 2709 ibi
1695 2663 1819 2710 enim

178 2735 306 2790 dicit,
334 2735 456 2791 quod
484 2734 743 2779 consimiles
771 2734 1051 2790 quaestiones
1077 2734 1150 2781 vel
1181 2748 1207 2781 a
1237 2735 1383 2781 multa
1423 2736 1636 2794 stult-itia,
1676 2735 1754 2784 vel
1790 2749 1818 2785 a

179 2808 321 2855 multa
346 2808 706 2867 praesumptione
732 2809 1007 2868 procedunt,
1033 2815 1278 2869 propterea
1303 2809 1428 2868 quod
1451 2815 1560 2857 sunt
1584 2821 1725 2870 supra
1747 2809 1817 2858 in-
