2054 3262
231 114 318 162 190
863 126 1007 162 LIBER
1038 128 1233 164 pannus.

229 216 501 273 magistratu
526 223 572 264 et
597 224 844 276 potestate,
873 225 919 265 et
945 232 1052 266 suos
1077 221 1249 266 honore
1273 220 1488 268 sublimat
1515 227 1561 268 et
1586 220 1741 280 gloria.
1775 221 1865 268 Ma-

231 290 430 347 gistratu
455 291 644 349 quidem
668 291 967 338 sublimatum
993 292 1198 349 videtur,
1228 305 1335 338 cum
1367 294 1423 339 de
1455 299 1525 340 tot
1556 294 1752 340 rudibus
1783 294 1867 340 La-

233 363 441 409 tinorum
479 364 734 421 vocabulis,
766 367 821 410 de
864 371 932 412 tot
964 366 1197 424 perplexis
1229 366 1670 424 constructionibuS,
1703 367 1759 414 de
1799 372 1866 414 tot

232 436 473 483 defectivis
498 438 845 495 prolationibuS,
870 439 926 484 de
953 444 1022 484 tot
1047 438 1294 484 rusticanis
1315 438 1598 496 accentibus,
1625 444 1720 486 tam
1739 451 1869 497 egre-

229 509 373 566 gium,
401 515 496 556 tam
522 511 821 569 extricatum,
851 518 943 558 tam
970 512 1246 571 perfectum,
1270 518 1315 558 et
1341 518 1435 558 tam
1461 513 1693 559 urbanum
1716 512 1869 560 videa-

232 598 336 631 mus
361 587 580 645 electum,
608 593 660 633 ut
687 587 829 634 Cinus
853 588 1152 646 pistoriensiS,
1180 594 1226 633 et
1252 588 1427 634 amicus
1451 587 1581 645 ejus¹
1614 587 1868 633 ostendunt

236 659 282 705 in
308 660 600 707 cantionibus
625 661 734 707 suis.
761 662 891 717 Quod
913 666 1069 706 autem
1095 661 1154 707 sit
1179 661 1436 708 exaltatum
1461 666 1707 719 potestate,
1738 660 1869 708 vide-

234 740 339 781 tur:
374 741 420 781 et
446 734 559 793 quid
584 734 769 792 maj0ris
794 734 1036 792 potestatis
1062 740 1146 791 est,
1174 747 1315 793 quam
1345 736 1471 794 quod
1500 735 1700 781 humana
1731 735 1868 781 corda

230 820 418 855 versare
443 813 629 866 potest3
662 808 724 853 ita
756 813 809 853 ut
851 807 1102 863 nolentem,
1129 807 1362 854 volentem
1377 821 1391 864 3
1418 812 1465 853 et
1495 807 1749 865 volentem,
1789 819 1868 853 no-

228 882 400 928 lentem
426 882 581 938 faciat,
608 882 739 929 velut
767 882 916 939 ipsum
935 886 981 926 et
1007 880 1130 937 fecit,
1156 885 1201 926 et
1224 879 1368 926 facit?
1395 880 1527 935 Quod
1550 884 1708 926 autem
1730 880 1869 925 hono-

232 967 283 1001 re
308 955 544 1005 sublimet,
571 955 618 1000 in
645 960 865 1013 promptu
898 959 982 999 est.
1015 954 1177 999 Nonne
1209 952 1448 998 domestici
1473 952 1545 998 sui
1569 964 1717 1009 regeS,
1747 965 1868 997 mar-

231 1027 438 1085 chioneS,
465 1033 511 1074 et
539 1027 746 1083 comiteS,
774 1032 819 1073 et
845 1031 1080 1083 magnates
1112 1025 1341 1083 quoslibet
1372 1025 1491 1070 fama
1523 1024 1755 1071 vincunt?
1787 1026 1869 1070 mi-

229 1100 358 1146 nime
384 1101 471 1146 hoc
505 1100 774 1159 probatione
814 1099 1002 1156 indiget.
1047 1100 1283 1155 Quantum
1325 1109 1440 1144 vero
1484 1109 1591 1142 suos
1629 1096 1871 1142 familiares

229 1174 448 1232 gloriosos
475 1173 663 1231 efficiat,
690 1186 772 1219 nos
798 1173 881 1232 ipsi
907 1174 1141 1230 novimUS,
1169 1173 1248 1232 qui
1272 1172 1411 1230 hujus
1437 1171 1681 1218 dulcedine
1711 1170 1866 1228 gloriae

229 1254 442 1294 nostrum
483 1248 672 1293 exilium
712 1253 1060 1306 postergamus:
1104 1259 1247 1307 quare
1287 1247 1440 1305 ipsum
1480 1246 1662 1291 illustre
1700 1244 1869 1291 merito

229 1320 437 1378 profiteri
462 1320 698 1366 debemus,

873 1577 1038 1624 CAPUT
1077 1579 1224 1625 XVIII.

413 1723 538 1769 Quare
567 1723 639 1760 hoc
668 1722 810 1760 idioma
838 1726 996 1759 vocetur
1024 1721 1234 1769 cardinale,
1264 1723 1431 1768 aulicum
1461 1729 1498 1760 et
1529 1723 1687 1761 curiale.

315 1831 475 1889 Neque
501 1831 599 1877 sine
624 1830 802 1877 ratione
829 1830 980 1889 ipsum
1011 1830 1252 1887 vulgarem
1279 1831 1507 1878 illustrem
1538 1831 1869 1877 decussamas'2

229 1903 488 1961 adjectione
514 1903 734 1959 secunda,
757 1903 977 1949 videlicet
999 1908 1053 1947 ut
1077 1902 1122 1947 id
1146 1903 1376 1950 cardinale
1401 1914 1655 1949 vocemus:
1681 1915 1785 1948 nam
1813 1903 1869 1947 si-

231 1984 312 2024 cut
352 1984 504 2023 totum
542 1978 713 2023 ostium
742 1978 981 2023 cardinem
1006 1977 1236 2035 sequitur,
1277 1983 1323 2024 et
1364 1990 1457 2037 quo
1488 1978 1628 2037 cardo
1649 1978 1869 2035 vertitur.

230 2059 448 2100 versatur
474 2058 521 2099 et
552 2054 721 2110 ipsum,
754 2065 838 2099 seu
871 2053 1144 2108 introrsum,
1185 2052 1286 2099 sive
1318 2058 1582 2099 extrorsum
1621 2051 1837 2098 flectatur
1845 2063 1867 2108 3

229 2128 295 2173 sic
321 2135 368 2173 et
396 2127 644 2174 universus
671 2127 1024 2185 municipalium
1051 2126 1315 2183 vulgarium
1347 2138 1464 2183 grex
1487 2127 1693 2172 vertitur
1722 2132 1768 2172 et
1799 2139 1869 2173 re-

230 2200 453 2257 vertitur,
481 2206 700 2247 movetur
727 2206 774 2245 et
801 2205 964 2258 pausat
990 2200 1251 2245 secundum
1275 2199 1400 2258 quod
1430 2198 1584 2244 istud:
1616 2198 1743 2257 quod
1771 2199 1872 2256 qui-

230 2275 336 2320 dem
375 2285 488 2320 vere
520 2273 842 2331 paterfamilias
873 2285 970 2319 esse
1001 2273 1205 2320 videtur.
1238 2273 1400 2319 Nonne
1432 2273 1638 2332 quotidie
1667 2273 1870 2332 extirpet

228 2352 439 2392 sentosos
470 2345 665 2392 frutices
698 2346 753 2391 de
780 2346 928 2391 italica
967 2345 1118 2392 silva?
1151 2357 1306 2391 nonne
1345 2345 1553 2404 quotidie
1585 2345 1662 2393 vel
1692 2346 1871 2404 plantas

228 2419 410 2475 inserit,
437 2419 511 2464 vel
539 2418 765 2475 plantaria
790 2418 1005 2477 plantat?
1031 2419 1143 2476 quid
1167 2419 1291 2464 aliud
1310 2419 1522 2477 agricolae
1544 2419 1616 2465 sui
1636 2424 1868 2476 satagunt,

229 2491 318 2536 nisi
342 2497 396 2536 ut
422 2491 718 2547 admoveant,
746 2496 793 2537 et
818 2497 1108 2549 removeant,
1133 2497 1186 2538 ut
1213 2492 1391 2538 dictum
1417 2492 1522 2539 est?
1555 2493 1707 2550 Quare
1736 2505 1868 2550 pror--

228 2578 307 2612 sus
340 2571 468 2611 tanto
496 2566 705 2611 decorari
745 2567 972 2613 vocabulo
1012 2573 1323 2626 promeretur.
1367 2568 1483 2624 Quia
1521 2578 1636 2614 vero
1665 2566 1871 2612 aulicum

229 2639 542 2696 nominamuS,
568 2639 683 2685 illud
708 2652 844 2686 causa
867 2646 953 2698 est,
977 2642 1102 2699 quod
1122 2641 1160 2687 si
1179 2642 1332 2688 aulam
1351 2654 1435 2687 nos
1459 2641 1556 2687 Itali
1579 2640 1870 2697 haberemus,

267 2728 282 2754 1
321 2728 450 2763 Anche.
485 2728 565 2772 qui,
600 2737 708 2763 come
748 2728 908 2770 aurove,
945 2737 1014 2773 per
1084 2730 1220 2765 l'altra
1245 2739 1341 2767 voce
1369 2730 1490 2766 riesce
1515 2729 1590 2765 allo
1612 2731 1739 2766 stesso
1760 2730 1877 2772 signi-

220 2779 343 2815 amico
368 2779 405 2814 di
431 2779 524 2814 Cino
548 2779 702 2814 intende
725 2778 765 2813 se
792 2783 929 2815 stesso.
1081 2781 1207 2826 ficato,
1249 2781 1387 2826 perche
1424 2782 1613 2818 decu-«sare
1641 2780 1730 2816 vale
1765 2780 1875 2815 ador-

265 2829 282 2855 2
310 2831 441 2867 Alcimi
468 2830 571 2873 testi,
611 2830 745 2866 invece
782 2830 819 2865 di
851 2832 1012 2865 decussa·
1082 2842 1185 2873 nare,
1212 2835 1420 2867 venustare.
1448 2830 1543 2868 Vedi
1562 2830 1588 2866 il
1607 2830 1793 2867 Glossario
1809 2830 1871 2866 dcl

217 2892 297 2920 mus
337 2884 458 2916 banno
493 2881 716 2926 decoramus,
753 2890 812 2916 ma
848 2881 958 2917 l'una
989 2891 1011 2918 e
1083 2883 1140 2918 Du
1166 2881 1309 2928 cange.
