2054 3262
324 176 409 223 366
939 186 1081 222 Lmen
1110 185 1332 224 Tssn'rms,

324 282 587 328 Decretales
618 282 803 329 dicunt:
831 295 936 340 quae
962 282 1148 340 quidem
1174 283 1258 328 etsi
1282 283 1556 330 auctoritate
1581 285 1825 343 apostolica
1854 288 1946 336 sint

324 357 617 412 venerandae,
650 356 975 403 fundamentali
1007 362 1164 417 tamen·
1191 356 1444 414 Scripturae
1474 359 1812 415 postponendas
1847 372 1946 407 esse

325 429 627 474 dubitandum
656 442 750 475 non
782 434 864 486 est,
897 442 1005 475 cum
1035 429 1240 475 Christus
1270 431 1530 476 sacerdotes
1555 430 1866 489 objurgaverit
1888 435 1945 479 de

324 502 568 548 contrario,
606 502 721 548 Cum
753 503 873 548 enim
906 503 1291 559 interrogassent:
1331 504 1485 557 Quare
1509 503 1731 560 discipuli
1751 506 1821 551 tui
1842 509 1944 552 tra-

323 575 538 620 ditionem
575 577 807 621 sem‘orum
848 578 1295 635 transqrediumur?
1338 577 1649 636 (negligebant
1694 578 1816 625 enim
1849 591 1943 627 ma-

322 660 468 692 nuum
514 648 752 707 lotionem)
803 649 1007 695 Christus
1048 650 1128 705 eiS,
1170 649 1368 696 Mattheo
1413 655 1627 708 testante,
1676 653 1941 710 respondit:

327 722 481 775 Quare
506 726 545 767 et
570 736 644 768 vos
668 724 1053 781 transgredimini
1090 724 1359 768 mandatum
1396 725 1482 770 Dei
1513 728 1699 782 propter
1729 726 1944 773 traditio·

323 810 424 841 nem
449 800 645 842 cestram
663 797 686 841 P
716 796 766 840 In
798 807 890 852 quo
920 795 1028 841 satis
1059 794 1210 840 innuit
1243 794 1535 841 traditionem
1562 797 1942 854 postponendam.

322 868 452 923 Quod
483 868 518 913 si
551 867 817 913 traditiones
852 866 1069 912 Ecclesiae
1102 870 1203 923 pist
1233 865 1483 913 Ecclesiam
1523 874 1647 925 sunt,
1694 874 1748 916 ut
1793 870 1940 917 decla-

279 941 283 945 ’
320 949 472 987 ratum
506 947 598 987 est:
629 953 816 987 necesse
850 946 919 986 est
952 946 1005 986 ut
1037 953 1129 985 non
1170 940 1388 986 Ecclesiae
1430 954 1454 987 a
1486 942 1820 1000 traditionihuS,
1861 944 1943 989 sed
1995 944 1997 946 ’

320 1016 375 1062 ab
407 1016 610 1062 Ecclesia
643 1016 940 1062 traditionum
973 1015 1159 1062 accedat
1191 1016 1454 1061 auctoritas
1491 1015 1651 1074 Itaque
1691 1016 1806 1064 solas
1848 1022 1941 1064 tra-

320 1090 513 1135 ditiones
544 1091 780 1146 hahenteS,
811 1095 864 1135 ut
897 1090 1152 1145 dicebatur,
1184 1103 1209 1136 a
1240 1090 1476 1148 gymnasio
1507 1090 1783 1137 excludendi
1814 1097 1938 1139 sunt.

321 1164 514 1223 Oportet
549 1166 670 1211 enim
702 1166 819 1212 hanc
851 1165 1098 1212 veritatem
1129 1170 1368 1221 venanteS,
1401 1177 1460 1210 ex
1483 1165 1552 1221 iis,
1577 1177 1635 1211 ex
1661 1165 1827 1224 quibus
1851 1166 1949 1228 Ec-x

320 1239 469 1285 clesiae
503 1245 655 1285 manat
696 1239 961 1294 authoritas,
1007 1238 1324 1295 investigando
1370 1237 1634 1296 procedere.
1681 1237 1739 1284 Iis
1782 1237 1938 1296 itaque-

319 1312 534 1367 exclusis,
562 1312 838 1358 excludendi
868 1317 977 1358 sunt
1008 1311 1098 1367 alii,
1146 1311 1225 1369 qui
1272 1322 1521 1357 corvorum
1566 1310 1734 1368 plumis
1773 1310 1938 1368 operti,

317 1399 430 1432 oves
461 1386 582 1432 albas
613 1385 661 1430 in
691 1397 828 1442 grege
860 1386 1040 1431 Domini
1071 1397 1119 1431 se
1145 1384 1333 1442 jactant.
1361 1383 1416 1430 Hi
1440 1389 1550 1430 sunt
1572 1384 1816 1442 impietatis
1841 1384 1935 1441 filii,

318 1460 396 1517 qui
429 1465 481 1504 ut
515 1458 683 1515 flagitia
712 1470 794 1503 sua
817 1458 984 1516 exequi
1009 1459 1197 1516 possint,
1224 1464 1420 1504 matrem
1445 1457 1748 1516 prostituunt,
1772 1457 1939 1504 fratres

319 1533 573 1591 expellunt,
605 1537 650 1578 et
684 1532 881 1590 denique
907 1530 1113 1588 judicem
1143 1532 1310 1577 habere
1338 1531 1519 1578 nolunt.
1551 1531 1663 1577 Nam
1696 1543 1781 1576 cur
1813 1531 1936 1588 apud

317 1621 394 1653 cos
425 1608 540 1654 ratio
573 1613 880 1665 quaereretur,
929 1619 1036 1652 cum
1078 1619 1161 1653 sua
1199 1605 1450 1663 cupiditate
1496 1604 1671 1650 detenti
1712 1603 1936 1662 principia

316 1695 410 1728 non
443 1682 645 1732 viderint
666 1680 690 1726 ⁰?
722 1682 1010 1738 Quapropter
1042 1693 1149 1726 cum
1189 1679 1293 1725 solis
1334 1677 1614 1725 concertatio
1648 1682 1807 1733 restat,
1853 1677 1934 1735 qui

318 1747 507 1812 aliquali
531 1754 628 1798 zelo
661 1765 767 1810 erga
798 1757 996 1798 matrem
1027 1751 1278 1798 Ecclesiam
1310 1751 1628 1809 ducti,'ipsam
1660 1762 1766 1808 quae
1805 1762 1933 1808 quae-

317 1828 437 1877 ritur
468 1826 712 1872 veritatem
745 1825 969 1881 ignorant.
1004 1822 1117 1868 Cum
1150 1822 1318 1881 quihus
1361 1821 1433 1868 illa
1461 1821 1727 1869 reverentia
1767 1821 1931 1878 fretuS,
1974 1827 1978 1832 '

315 1912 454 1963 quam
487 1899 588 1956 pius
619 1898 739 1944 filius
771 1900 908 1944 dehet
939 1898 1075 1956 patri,
1110 1910 1248 1955 quam
1278 1896 1383 1955 pius
1412 1895 1532 1951 filius
1560 1894 1713 1950 matri,
1753 1895 1856 1954 pius
1885 1896 1933 1941 in

315 1975 564 2030 Christum,
592 1974 694 2032 pius
724 1974 771 2020 in
802 1973 1069 2026 Ecclesiam,
1096 1972 1198 2030 pius
1227 1973 1274 2018 in
1304 1978 1550 2030 pastorem,
1575 1970 1678 2028 pius
1701 1969 1749 2016 in
1775 1981 1934 2015 omnes
2006 2009 2009 2011 e

315 2048 609 2094 christianam
640 2047 906 2103 religionem
939 2045 1224 2104 profitentes,
1256 2058 1339 2104 pro
1370 2045 1515 2092 salute
1540 2043 1750 2091 veritatis
1771 2042 1819 2089 in
1842 2043 1929 2088 hoc

312 2121 430 2166 libro
462 2124 697 2165 certamen
728 2118 911 2176 incipiO.

401 2189 423 2254 ἕ
456 2192 527 2238 IV.
558 2191 636 2237 Isti
669 2202 800 2246 ver0,
832 2191 888 2236 ad
919 2202 1034 2248 quos
1065 2190 1151 2236 erit
1185 2195 1281 2237 tota
1314 2189 1562 2248 disputatio
1608 2201 1819 2249 sequenS,
1860 2200 1942 2237 as-·

312 2270 518 2311 serentes
548 2264 874 2310 auctoritatem
906 2262 1085 2321 imperii
1116 2263 1172 2310 ab
1201 2261 1477 2310 auctoritate
1506 2261 1723 2308 Ecclesiae
1763 2263 1930 2322 depen-

312 2339 435 2392 dere,
466 2336 597 2383 velut
629 2335 797 2381 artifex
826 2334 1013 2379 inferior
1044 2335 1272 2392 dependet
1303 2334 1358 2380 ab
1404 2333 1671 2391 architecto,
1721 2334 1930 2393 pluribus

312 2416 358 2455 et
389 2409 584 2456 diversis
613 2409 899 2465 argumentis
929 2415 1204 2455 moventur:
1231 2421 1336 2467 quae
1363 2407 1551 2467 quidem
1570 2408 1626 2455 de
1651 2421 1779 2456 sacra
1807 2410 1927 2457 Scri-

312 2489 447 2543 ptura
479 2483 685 2540 eliciunt,
721 2488 768 2529 et
801 2483 855 2528 de
888 2483 1159 2541 quibusdam
1192 2483 1329 2540 gestis
1360 2488 1454 2529 tam
1495 2483 1662 2528 summi
1700 2483 1929 2541 pontificis

310 2569 450 2616 quam
481 2556 623 2616 ipsius
653 2556 939 2615 imperatoris
952 2571 970 2616 3
1002 2570 1094 2605 non
1123 2558 1271 2604 ullum
1314 2569 1428 2606 vero
1474 2556 1662 2604 rationis
1702 2557 1923 2604 indicium
