2054 3262
316 142 402 188 38⁶2
935 148 1078 184 nunu
1110 150 1331 187 TERTIUS.

315 253 416 291 trus
448 245 503 290 de
536 256 664 290 more
695 244 846 290 subito
878 244 1182 303 respondebat
1214 246 1271 292 ad
1308 258 1468 292 rerum
1513 247 1806 306 superficiem
1839 255 1938 296 tan·

315 326 428 366 tum.
460 320 590 374 Quod
613 324 772 365 autem
796 330 1067 377 responsum
1093 332 1186 365 non
1211 320 1370 366 fuisset
1395 321 1451 366 ad
1476 320 1780 368 intentionem
1810 322 1938 368 Chri-

312 393 388 450 sti,
412 405 506 438 non
532 391 619 437 erit
646 390 1022 447 immanifestum,
1051 391 1089 436 si
1116 391 1468 438 considerentur
1502 393 1646 440 verba
1670 394 1939 451 prae‘ceden-

315 465 390 520 tia,
433 470 479 509 et
517 475 674 510 caussa
714 464 980 510 verborum.
1019 465 1217 521 Propter
1247 466 1372 522 quod
1409 465 1666 520 sciendum,
1698 464 1825 523 quod
1853 465 1942 510 hoc

313 537 488 583 dictum
528 537 615 582 fuit
647 536 695 582 in
735 537 807 582 die
845 547 988 583 coenae
1006 550 1021 593 3
1054 537 1178 582 unde
1209 537 1359 583 Lucas
1389 537 1550 594 incipit
1589 536 1803 594 superius
1842 536 1937 583 sic:

319 614 455 659 Venit·
472 615 622 656 autem
643 611 737 656 dies
757 622 1046 668 azymorum,
1074 610 1123 653 iu
1139 622 1223 667 quo
1244 621 1419 654 necesse
1442 613 1544 655 erat
1558 609 1706 655 occidi
1734 609 1909 655 Pascha
1917 623 1942 663 ,-

310 686 360 730 z'u
380 699 470 744 qua
494 684 674 744 quidem
699 697 828 729 coena
852 685 1160 741 proeloquutus
1185 682 1341 739 fuerat
1371 681 1580 727 Christus
1613 681 1667 726 de
1703 683 1946 738 incruente

307 758 532 814 passione,
569 757 617 801 iu
659 769 747 815 qua
778 755 1006 811 oportebat
1037 756 1188 810 ipsum
1226 755 1446 810 separari
1482 767 1512 800 a
1552 753 1797 811 discipulis
1830 754 1941 798 suis.

310 830 423 875 Item
456 829 711 885 sciendum,
746 828 869 885 quod
902 827 979 872 ubi
1010 826 1095 872 ista
1126 826 1267 872 verba
1299 825 1679 883 intervenerunt,
1719 830 1852 871 erant
1883 823 1941 870 si-

311 900 409 946 mul
440 912 598 945 omnes
630 900 873 945 duodecim
906 899 1116 957 discipuli
1132 913 1147 956 3
1179 900 1304 944 unde
1336 911 1500 957 parum
1525 904 1628 957 post
1650 898 1794 946 verba
1819 909 1941 955 prae-
1981 917 1983 919 v

310 973 445 1019 missa
471 972 579 1018 dicit
602 973 773 1018 Lucas:
808 974 867 1017 Et
897 985 999 1019 cum
1024 974 1150 1030 facta
1175 975 1283 1018 esset
1313 972 1444 1027 hora,
1479 970 1722 1026 discubuit,
1761 974 1802 1016 et
1830 970 1940 1015 duo-

310 1046 456 1091 decim
481 1046 673 1102 upostoli
701 1057 806 1090 cum
830 1057 891 1089 ec.
922 1045 998 1088 Eec
1029 1044 1152 1095 hinc,
1181 1044 1444 1089 continuato
1467 1043 1702 1102 colloquio,
1727 1044 1851 1089 venit
1880 1042 1943 1088 acl

309 1120 402 1166 Itoec
421 1133 436 1164 .·
473 1118 663 1173 Quando
686 1120 794 1163 misi
832 1129 908 1162 vos
932 1119 1030 1162 siue
1054 1117 1254 1167 sacculo,
1291 1120 1331 1161 et
1359 1129 1494 1174 pera,
1530 1119 1571 1162 et
1603 1116 1940 1171 calceamentis,

306 1193 517 1251 iiitnquid
541 1191 722 1251 aliquid
747 1191 887 1247 defuit
918 1189 1079 1235 vobis?
1116 1189 1178 1234 At
1218 1189 1295 1234 illi
1319 1189 1572 1235 disserunt:
1611 1189 1759 1238 Nihil.
1802 1189 1941 1234 Dioeit

308 1279 415 1324 erqo
439 1267 522 1311 εἰς.
551 1266 635 1310 Sed
650 1277 790 1318 nuuc,
822 1264 901 1322 qui
929 1263 1057 1309 habet
1086 1264 1340 1317 sacculum,
1372 1263 1503 1308 tollat
1532 1263 1753 1308 similiter
1789 1266 1831 1308 et
1865 1275 1942 1320 pe·

309 1352 452 1391 ram,·
493 1344 532 1385 et
569 1340 649 1397 qui
690 1351 778 1384 non
803 1338 962 1392 habel,
1012 1337 1176 1382 vendat
1211 1338 1432 1392 tunicam,
1479 1340 1533 1382 et‘
1558 1339 1677 1382 emat
1714 1336 1939 1395 qladium.

309 1412 360 1456 in
392 1423 483 1468 quo
513 1410 622 1456 satis
664 1415 823 1467 aperte
850 1409 1058 1454 intentio
1098 1409 1264 1455 Christi
1291 1408 1615 1455 manifestatur
1627 1420 1643 1464 3
1682 1419 1779 1453 non
1817 1406 1942 1453 enim

311 1484 457 1531 dixit:
490 1484 667 1531 Ematis
698 1484 774 1531 vel
803 1484 1007 1531 habeatis
1039 1485 1153 1530 duos
1185 1484 1371 1541 gladiOS,
1401 1483 1494 1529 imo
1539 1481 1798 1537 duodecim,
1832 1494 1941 1529 cum

308 1559 365 1606 ad
397 1558 640 1603 duodecim
674 1557 920 1615 discipulos
950 1557 1251 1615 loqueretur:
1291 1558 1381 1612 Qui
1403 1569 1497 1602 uon
1526 1556 1670 1610 habet,
1701 1559 1856 1610 emat‚·
1886 1561 1940 1602 ut

310 1629 506 1688 quilibet
536 1629 727 1675 haberet
761 1640 924 1674 unum.
958 1628 1016 1673 Et
1046 1628 1133 1674 hoc
1160 1627 1300 1674 etiam
1325 1627 1520 1686 dicebat,
1547 1639 1840 1687 praemonens
1863 1639 1941 1675 eos

311 1703 367 1748 de
397 1714 613 1760 pressura
643 1702 820 1759 futura,
854 1707 900 1747 et
934 1702 1156 1759 despectu
1186 1701 1348 1748 futuro
1380 1713 1488 1760 erga
1517 1713 1610 1760 (303,
1653 1703 1783 1761 quasi
1814 1703 1940 1750 dice-

310 1769 415 1821 ret}
456 1777 690 1835 Quousque
710 1777 782 1834 sui
806 1775 1049 1830 vobiscum,
1082 1777 1254 1833 recepti
1275 1778 1455 1824 eratis:
1478 1789 1605 1824 uunc
1629 1781 1780 1824 autem
1805 1779 1940 1836 suaa-

310 1847 490 1903 bimini,
525 1850 576 1892 ut
614 1850 820 1904 oporteat
853 1860 929 1892 vos
959 1859 1238 1903 proeparare
1276 1847 1400 1894 vobis
1441 1850 1582 1895 eliam
1621 1863 1676 1896 ea
1709 1864 1808 1910 quae
1841 1854 1944 1898 aule

312 1921 494 1966 inhibui
519 1921 655 1976 vobiS,
677 1925 870 1978 propter
891 1923 1105 1979 suturam
1122 1922 1619 1980 necessitatem'.1taque
1643 1922 1682 1968 si
1704 1925 1941 1982 responsio
2011 1981 2013 1983 v

309 1993 439 2039 Petri
470 1993 589 2039 facta
621 1994 680 2038 ad
709 1993 809 2038 haec
840 1993 999 2038 fuisset
1025 1994 1112 2038 sub
1143 1993 1398 2039 intentione
1423 1994 1512 2050 illa,
1536 1994 1631 2053 jam
1654 2008 1750 2043 non
1778 1996 1942 2045 suisset

310 2068 368 2114 ad
399 2080 500 2114 eam
531 2080 637 2125 quae
671 2073 769 2112 erat
795 2066 962 2112 Christi
978 2080 993 2123 3
1026 2067 1082 2111 de
1114 2079 1206 2125 quo
1232 2066 1437 2114 Christus
1462 2068 1615 2127 ipsum
1637 2069 1938 2129 increpasset,

311 2141 432 2187 sicut
464 2140 702 2186 multoties
726 2138 975 2196 increpuit,
1009 2150 1115 2184 cum
1147 2137 1310 2184 inscite
1349 2140 1603 2197 respondit.
1646 2141 1743 2189 Hoc
1782 2148 1952 2189 autem>

310 2225 405 2259 non
448 2212 575 2268 fecit,
623 2212 703 2257 sed
747 2211 1000 2268 acquievit,
1034 2211 1221 2257 dicens:
1270 2213 1389 2257 Satis
1425 2217 1520 2271 est,·
1557 2214 1688 2271 quasi
1735 2213 1941 2264 diceret:

315 2290 512 2344 Propter·
534 2288 842 2332 necessitatem
867 2286 982 2341 dico,
1008 2286 1085 2331 sed
1103 2287 1145 2331 si
1164 2287 1352 2345 quilibet
1374 2287 1540 2333 habere
1559 2301 1654 2334 nou
1677 2291 1828 2346 potest,
1853 2289 1943 2336 duo

309 2364 514 2421 sufficere
549 2365 747 2419 possunt.
776 2361 835 2406 Et
866 2361 991 2419 quod
1016 2362 1186 2407 Petrus
1218 2361 1274 2406 de
1304 2373 1432 2407 more
1463 2362 1520 2409 ad
1551 2361 1846 2420 superficiem
1876 2362 1942 2409 lo-

313 2441 555 2494 queretur,
590 2436 754 2494 probat
787 2435 885 2493 ejus
917 2436 1080 2483 festina
1111 2443 1158 2484 et
1189 2436 1573 2494 impraemeditata
1605 2438 1939 2496 praesumptio:

311 2509 369 2553 ad
399 2520 539 2566 quam
574 2520 667 2554 non
698 2509 845 2555 solum
872 2508 975 2554 fidei
1001 2510 1241 2556 sinceritas
1262 2509 1539 2568 impellebat,
1570 2510 1651 2556 sed
1686 2509 1824 2556 credo
1854 2523 1942 2568 pu-

309 2582 423 2627 ritas
454 2586 500 2626 et
527 2580 796 2638 simplicitas
815 2581 1050 2629 naturalis
1079 2583 1206 2628 Hanc
1231 2594 1364 2628 suam
1391 2582 1801 2641 praesumptionem
1826 2583 1939 2629 scri-

312 2656 383 2701 bae
416 2654 582 2702 Christi
631 2660 862 2701 testantur
906 2667 1077 2702 omnes,
1111 2656 1278 2702 Scribit
1324 2662 1484 2702 autem
1524 2657 1784 2713 MatthaeuS,
1815 2656 1941 2714 quod

312 2740 419 2775 cum
450 2729 584 2773 Jesus
607 2727 933 2785 interrogasset
960 2727 1233 2786 discipulos:
1267 2730 1407 2784 Quem
1430 2742 1521 2775 esse
1540 2742 1610 2776 me
1634 2730 1830 2778 dicitis?
1857 2730 1941 2776 Pe-

311 2804 439 2848 trum
468 2804 578 2845 ante
608 2811 766 2845 omnes
790 2799 1100 2859 respondisse:
1135 2802 1203 2847 'Pu
1234 2814 1278 2848 es
1316 2803 1523 2850 Christus
1549 2803 1679 2861 filius
1708 2804 1796 2851 Dei
1828 2804 1936 2850 vivi.
