2054 3262
296 136 383 182 236
879 148 1020 185 LIBER
1051 148 1304 188 SECUNDUS.

299 235 405 281 Fuit
426 237 525 283 haec
543 243 808 286 tetrametra
828 240 951 286 frons
968 240 1112 287 tribus
1128 241 1496 300 endecasyllabiS,
1513 248 1559 288 et
1578 254 1672 290 uno
1695 244 1891 302 eptasyl-

306 308 400 353 labo
426 314 641 354 contexta
662 324 671 355 :
704 323 796 356 non
820 311 988 356 etenim
1013 312 1161 368 potuit
1187 312 1232 356 in
1257 313 1394 369 pedes
1425 313 1582 370 dividi,
1608 325 1716 360 cum
1746 327 1897 373 aequa-

303 379 402 424 litas
429 380 682 425 carminum
708 387 753 426 et
777 382 1050 440 syllabarum
1089 384 1352 440 requiratur
1382 383 1430 428 in
1460 384 1648 441 pedibus
1679 384 1802 431 inter
1829 397 1896 441 se,

303 455 349 495 ct
375 450 508 495 etiam
530 450 576 494 in
600 452 809 497 versibus
830 453 949 498 inter
980 465 1041 498 se.
1072 454 1131 499 Et
1163 454 1546 510 quemadmodum
1575 455 1769 501 dicimus
1790 467 1895 503 ver-

304 535 381 568 sus
404 535 619 580 superare
643 536 771 581 posse
797 526 1070 571 carminibus
1101 532 1147 571 et
1177 525 1356 583 syllabis
1379 526 1593 582 frontem,
1617 526 1684 572 sic
1707 527 1796 573 dici
1818 538 1896 585 po-

309 601 411 650 test,
429 595 626 640 frontem
647 595 691 639 in
709 595 776 639 his
792 596 966 641 duobus
982 609 1108 653 posse
1129 608 1344 653 superare
1358 608 1548 642 versus:
1573 596 1692 644 sicut
1716 598 1896 656 quando

307 665 497 724 quilibet
522 677 683 712 versus
707 672 823 711 esset
849 667 1024 712 duobus
1048 667 1334 723 eptasyllabis
1356 668 1530 724 metris,
1554 674 1600 715 et
1624 670 1748 716 frons
1778 677 1897 718 esset

308 745 604 798 pentametra,
636 740 812 785 duobus
842 740 1192 798 endecasyllabis
1223 746 1268 785 et
1300 740 1447 785 tribus
1477 741 1763 799 eptasyllabis
1791 755 1897 789 con-

256 841 262 847 ·
313 817 453 858 texta.
482 812 758 867 Quandoque
789 823 899 857 vero
933 811 1069 868 pedes
1095 811 1284 856 caudam
1306 817 1525 871 superant
1549 813 1826 861 carminibus
1853 819 1901 861 et

313 882 510 943 syllabis,
539 889 591 929 ut
621 883 668 927 in
697 883 784 938 illa,
815 894 951 940 quam
982 882 1200 929 diximus:

595 989 611 1006 ι
636 972 761 1021 Amor,
786 973 854 1009 che
882 971 1007 1009 muovi
1035 977 1097 1008 tua
1127 971 1227 1009 virtu
1254 971 1314 1010 dal
1342 972 1449 1012 ciclo.
1475 982 1490 1009 ι
1517 991 1534 1009 ι.

317 1042 594 1126 Quando-que
631 1066 769 1124 podes
796 1078 822 1112 a
851 1071 1051 1126 syrmate
1087 1073 1364 1125 superantur
1402 1068 1452 1114 in
1491 1074 1606 1126 tot0,
1641 1074 1696 1116 ut
1730 1070 1779 1117 in
1810 1070 1902 1129 illa,

318 1153 454 1199 quam
486 1140 708 1185 diximus:
1722 1142 1731 1146 ''
1817 1139 1824 1150 “

598 1245 614 1261 α
641 1230 768 1267 Donna
796 1229 953 1278 pietosa,
978 1241 999 1267 e
1024 1228 1062 1267 di
1089 1228 1235 1268 novella
1262 1234 1370 1268 etate.
1391 1228 1410 1255 ²
1433 1247 1449 1264 ι

322 1323 380 1370 Et
410 1323 786 1382 quemadmodum
825 1324 1036 1381 diximuS,
1065 1324 1261 1371 frontem
1291 1336 1418 1382 posse
1448 1335 1664 1382 superare
1694 1322 1903 1369 carmini-

323 1397 419 1452 bUS,
450 1402 495 1440 et
526 1396 704 1452 syllabis
732 1397 952 1452 superari,
983 1402 1029 1444 et
1060 1408 1085 1441 e
1115 1398 1362 1453 contrario;
1393 1396 1459 1442 sic
1488 1388 1548 1441 de'
1573 1401 1776 1454 syrmate
1800 1394 1903 1440 dici-

323 1481 437 1515 mus.
465 1469 607 1513 Pedes
631 1479 812 1525 quoque
837 1479 996 1513 versus
1019 1467 1066 1512 in
1089 1479 1277 1513 numero
1302 1473 1533 1525 superant,
1559 1471 1606 1512 et
1628 1471 1905 1524 superantur

324 1543 377 1587 ab
405 1541 486 1586 iis:
517 1546 704 1597 possunt
735 1540 856 1584 enim
885 1540 932 1584 in
961 1540 1124 1586 stantia
1154 1550 1250 1585 esse
1280 1544 1374 1584 tres
1402 1539 1539 1596 pedes
1574 1543 1621 1584 et
1651 1538 1765 1583 duos
1801 1549 1904 1584 ver-

326 1626 417 1670 suS,
449 1619 494 1658 et
519 1619 612 1658 tres
635 1623 797 1658 versus
819 1617 865 1657 et
886 1612 998 1657 duos
1022 1612 1182 1668 pedes:
1208 1622 1295 1657 nec
1317 1611 1404 1657 hoc
1425 1621 1617 1656 numero
1645 1609 1906 1666 limitamur,

329 1689 436 1744 Juin
481 1687 611 1730 liceat
651 1684 805 1741 plures
841 1688 887 1728 et
925 1683 1062 1740 pedes
1097 1688 1142 1727 et
1171 1693 1334 1728 versus
1371 1682 1506 1727 simul
1546 1687 1807 1728 contexere.
1848 1679 1908 1725 Et

326 1757 703 1815 quemadmodum
733 1756 788 1801 de
815 1754 1006 1802 victoria
1036 1754 1292 1800 carminum
1321 1759 1367 1800 et
1400 1753 1675 1811 syllabarum
1711 1750 1904 1796 diximus

325 1829 445 1872 inter
483 1827 581 1883 alia,
621 1840 746 1872 nunc
786 1826 921 1872 etiam
958 1826 1080 1871 inter
1119 1826 1256 1883 pedes
1287 1831 1333 1871 et
1363 1836 1526 1872 versus
1556 1823 1748 1869 dicimus
1759 1836 1775 1879 3
1805 1833 1906 1869 nam

327 1899 482 1943 eodem
511 1900 642 1945 modo
676 1900 796 1946 vinci
826 1905 871 1946 et
901 1899 1088 1946 vincere
1112 1903 1314 1955 possunt.
1342 1897 1435 1943 Nec
1459 1894 1909 1954 praetermittendum

325 1975 408 2025 est,
439 1972 560 2028 quod
601 1983 683 2016 nos
713 1984 738 2017 e
768 1971 994 2017 contrario
1033 1970 1246 2026 regulatis
1285 1969 1431 2026 poetis
1470 1969 1608 2026 pedes
1646 1967 1909 2025 accipimus,

325 2041 425 2098 quia
457 2042 518 2086 illi
549 2054 731 2086 carmen
762 2054 820 2087 ex
849 2041 1051 2099 pedibUS,
1083 2052 1165 2086 nos
1195 2053 1306 2087 vero
1345 2052 1406 2086 ex
1436 2039 1712 2086 carminibus
1751 2040 1911 2096 pedem

325 2116 528 2157 constare
558 2111 762 2167 dicimuS‚
793 2117 846 2157 ut
877 2112 986 2157 satis
1013 2110 1253 2157 evidenter
1281 2115 1481 2168 apparet.
1513 2110 1608 2155 Nec
1636 2109 1773 2156 etiam
1797 2121 1912 2168 prae-

323 2183 671 2228 termittendum
703 2188 786 2237 est,
818 2182 922 2239 quia
950 2181 1119 2227 iterum
1147 2193 1413 2236 asseramuS,
1451 2181 1589 2238 pedes
1627 2181 1684 2226 ab
1713 2181 1912 2227 invicem

321 2255 589 2310 necessariO,
632 2255 887 2300 carminum
922 2259 969 2300 et
1003 2253 1278 2311 syllabarum
1309 2252 1630 2309 aequalitatem,
1661 2257 1707 2298 et
1737 2252 1913 2298 habitu-

321 2328 471 2372 dinem
500 2327 722 2384 accipere,
752 2326 857 2382 quia
889 2338 980 2371 non
1011 2325 1142 2370 aliter
1173 2330 1336 2370 cantus
1364 2324 1576 2381 repetitio
1606 2323 1707 2371 fieri
1743 2328 1913 2382 posset.

318 2399 414 2445 Hoc
442 2399 559 2444 idem
590 2399 637 2443 in
668 2399 876 2446 versibus
905 2409 1001 2445 esse
1029 2397 1308 2445 servandum
1339 2397 1585 2442 astruimus

354 2513 372 2542 ¹
394 2514 565 2552 Canzone
583 2512 662 2549 xil.
1196 2507 1218 2539 ³
1240 2509 1410 2548 Canzone
1427 2510 1493 2547 Ν.
