2054 3262
265 134 354 181 206
857 138 1001 174 mmm
1035 138 1298 177 SECUNDUS.

265 236 401 282 timos
445 239 493 281 et
536 229 813 290 irregulares
850 232 1023 290 modOS,
1064 238 1118 278 ut
1158 232 1351 279 inferius
1396 235 1683 283 ostendetur.
1725 236 1902 284 Horum

264 313 423 354 autem
443 306 688 352 modorum
710 305 980 351 cantionum
999 306 1188 351 modum
1210 301 1652 355 excellentissimum
1672 322 1770 356 esse
1794 321 1905 370 pen-

265 392 421 426 samus
444 393 453 425 :
481 390 624 437 quare
649 378 686 423 si
712 377 1097 424 excellentissima
1125 377 1522 441 excellentissimis
1543 380 1678 438 digna
1701 387 1830 439 sunt,
1849 387 1903 428 ut

265 454 480 512 superius
504 459 572 499 est
594 454 855 511 probatum,
881 453 951 498 illa
975 465 1081 511 quae
1108 452 1495 499 excellentissimo
1518 454 1650 512 digna
1671 461 1783 502 sunt
1802 456 1904 504 vul-

264 528 376 586 gari,
409 527 544 573 modo
586 526 970 572 excellentissimo
1003 525 1137 583 digna
1175 531 1301 582 sunt,
1328 531 1374 571 et
1406 537 1490 583 per
1523 537 1812 585 consequens
1854 528 1904 574 in

266 602 557 648 cantionibus
587 601 940 660 pertractanda:
981 601 1107 658 quod
1147 606 1304 646 autem
1335 600 1501 646 modus
1542 600 1813 648 cantionum
1843 602 1902 648 sit

265 674 383 731 taliS,
409 679 463 719 ut
490 674 668 719 dictum
695 679 779 730 est,
805 673 1016 731 pluribus
1041 677 1192 730 potest
1215 672 1470 718 rationibus
1494 672 1715 731 indagari.
1747 675 1898 723 Prima

263 749 452 806 quidem
484 749 608 807 quia,
635 760 743 794 cum
774 746 998 805 quicquid
1022 745 1345 792 versificamur
1375 745 1434 791 sit
1467 747 1637 804 canti0,
1663 747 1771 794 solae
1797 760 1902 794 can-

265 823 413 868 tiones
442 822 529 867 hoc
559 820 841 868 vocabulum
877 818 962 863 sibi
994 817 1173 863 sortitae
1199 823 1307 862 sunt
1328 831 1343 874 3
1376 819 1500 875 quod
1530 832 1771 878 nunquam
1801 820 1901 866 sine

261 900 447 941 vetusta
475 893 737 951 provisione
763 890 1000 948 processit.
1029 888 1209 945 Adhuc,
1237 888 1458 947 quicquid
1482 902 1565 948 per
1585 903 1634 936 se
1658 891 1811 950 ipsum
1836 893 1900 939 εἶτ

263 966 359 1013 ficit
385 967 512 1022 illud,
535 966 592 1010 ad
609 964 733 1022 quod
747 963 922 1008 factum
938 966 1023 1018 est,
1044 961 1243 1007 nobilius
1260 973 1359 1007 esse
1380 962 1586 1020 videtur,
1613 976 1752 1022 quam
1776 967 1902 1024 quod

264 1039 529 1087 extrinseco
559 1039 763 1096 indiget:
797 1038 877 1082 sed
910 1037 1147 1083 cantiones
1177 1049 1260 1094 per
1291 1049 1339 1082 se
1373 1041 1525 1083 totum
1560 1031 1684 1095 quod
1714 1039 1902 1099 debent,

264 1113 492 1170 efficiunt,
519 1113 645 1171 quod
670 1112 848 1157 ballatae
873 1121 966 1155 non
990 1109 1166 1155 faciunt
1198 1107 1428 1168 (indigent
1459 1109 1583 1154 enim
1614 1110 1903 1168 plausoribus

270 1190 327 1234 ad
354 1201 469 1248 quos
498 1188 635 1234 editae
661 1186 793 1246 sunt)
815 1199 824 1231 :
853 1197 962 1243 ergo
985 1185 1221 1231 cantiones
1246 1184 1488 1230 nobiliores
1509 1185 1685 1232 ballatis
1709 1199 1807 1235 esse
1831 1202 1900 1236 se-

261 1262 426 1320 quitur
458 1261 760 1317 extimandaS,
801 1265 847 1305 et
889 1270 973 1316 per
1005 1269 1293 1315 consequens
1332 1256 1664 1304 nobilissimum
1703 1259 1898 1308 aliorum

260 1346 358 1380 esse
388 1335 579 1380 modum
604 1333 783 1379 illarum
798 1346 814 1390 3
849 1344 956 1379 cum
987 1344 1123 1377 nemo
1150 1330 1347 1387 dubitet,
1373 1330 1487 1388 quin
1511 1331 1689 1378 ballatae
1720 1334 1902 1381 sonitus

260 1406 498 1452 nobilitate
519 1407 642 1452 modi
664 1407 907 1452 excellant.
935 1406 1170 1451 Praeterea
1193 1404 1267 1449 illa
1291 1403 1516 1451 videntur
1536 1405 1758 1453 nobiliora
1783 1419 1898 1465 esse,

263 1493 370 1539 quae
399 1479 627 1526 conditori
652 1492 736 1525 suo
759 1479 902 1536 magis
922 1478 1108 1524 honoris
1130 1476 1358 1523 afferunt:
1391 1477 1472 1523 sed
1497 1479 1732 1526 cantiones
1755 1482 1900 1539 magis

262 1552 448 1597 honoris
473 1551 675 1597 afferunt
700 1551 794 1596 suis
819 1549 1151 1606 conditoribuS,
1177 1561 1316 1607 quam
1342 1550 1520 1596 ballatae
1532 1564 1547 1607 ;
1573 1563 1683 1609 ergo
1707 1554 1898 1600 nobilio-

259 1635 334 1668 res
359 1629 485 1679 sunt,
505 1629 550 1669 et
568 1635 651 1681 per
669 1635 957 1681 consequens
982 1623 1146 1668 modus
1172 1635 1332 1668 earum
1356 1623 1665 1670 nobilissimus
1685 1625 1895 1674 aliorum.

261 1696 494 1742 Praeterea
519 1707 625 1753 quae
657 1695 938 1741 nobilissima
975 1700 1100 1753 sunt,
1141 1695 1373 1741 carissime
1406 1703 1777 1756 conservantur,
1817 1701 1899 1747 sed

260 1769 383 1815 inter
408 1781 458 1815 ea
484 1782 590 1828 quae
625 1774 809 1815 cantata
839 1774 966 1825 sunt,
1000 1769 1236 1815 cantiones
1269 1770 1503 1817 carissime
1541 1780 1897 1833 conservantur,

259 1848 312 1888 ut
340 1848 520 1888 constat
544 1841 843 1889 visitantibus
866 1840 1033 1886 libros:
1061 1853 1170 1898 ergo
1196 1841 1432 1888 cantiones
1452 1843 1742 1890 nobilissimae
1768 1854 1895 1905 sunt,

258 1920 304 1960 et
331 1927 416 1972 per
443 1924 734 1971 consequens
771 1913 938 1958 modus
977 1924 1137 1957 earum
1175 1913 1482 1960 nobilissimus
1527 1920 1612 1962 est.
1657 1916 1821 1965 Adhuc
1845 1918 1894 1966 in

217 2035 219 2037 ,
259 1987 517 2033 artificiatis
543 1986 657 2031 illud
679 1991 748 2032 est
768 1984 1116 2041 nobilissimum,
1143 1986 1267 2043 quod
1291 1991 1434 2032 totam
1456 1989 1804 2045 comprehendit
1824 2004 1894 2038 ar-

261 2066 355 2106 tem
374 2074 391 2117 3
419 2072 529 2106 eum
555 2071 663 2116 ergo
699 2070 766 2115 ea,
808 2069 914 2126 quae
956 2062 1222 2114 cantantur,
1259 2057 1498 2105 artificiata
1523 2059 1743 2118 existant,
1769 2067 1816 2108 et
1845 2062 1893 2109 in

259 2134 364 2180 solis
397 2133 687 2180 cantionibus
716 2144 791 2177 ars
818 2137 911 2177 tota
942 2131 1373 2188 comprehendatur,
1406 2131 1646 2179 cantiones
1674 2133 1892 2181 nobilissi-

257 2221 347 2254 mae
369 2213 494 2266 sunt,
518 2214 564 2253 et
584 2208 650 2253 sie
674 2207 841 2252 modus
855 2211 1015 2252 earum
1031 2205 1339 2252 nobilissimus
1353 2206 1562 2253 aliorum.
1581 2207 1711 2263 Quod
1732 2214 1891 2256 autem

258 2286 356 2327 tota
378 2279 798 2337 comprehendatur
821 2277 869 2323 in
889 2277 1177 2324 cantionibus
1192 2290 1267 2330 ars
1287 2278 1503 2324 cantandi
1519 2279 1714 2338 poetice,
1740 2281 1787 2326 in
1803 2283 1891 2330 hoo

257 2353 459 2412 palatur,
486 2352 609 2410 quod
635 2351 858 2409 quiequid
896 2349 1009 2395 artis
1046 2350 1296 2407 reperitur,
1336 2349 1384 2395 in
1423 2350 1531 2408 ipsis
1561 2357 1644 2408 est,
1685 2353 1766 2398 sed
1794 2366 1888 2400 non

257 2421 568 2475 convertitur.
588 2424 682 2471 Hoc
699 2425 881 2483 signum
900 2429 1056 2471 autem
1072 2423 1253 2483 borum,
1272 2436 1377 2485 quae
1396 2423 1604 2484 dicimus,
1621 2431 1886 2486 promptum
