<?xml version="1.0" encoding="UTF-8"?>
<!DOCTYPE html PUBLIC "-//W3C//DTD XHTML 1.0 Transitional//EN"
    "http://www.w3.org/TR/xhtml1/DTD/xhtml1-transitional.dtd">
<html xmlns="http://www.w3.org/1999/xhtml" xml:lang="en" lang="en">
 <head>
  <title>
</title>
<meta http-equiv="Content-Type" content="text/html;charset=utf-8" />
  <meta name='ocr-system' content='tesseract 3.04.00' />
  <meta name='ocr-capabilities' content='ocr_page ocr_carea ocr_par ocr_line ocrx_word'/>
</head>
<body>
  <div class='ocr_page' id='page_1' title='image "./opereminori02dantuoft_0220.png"; bbox 0 0 2054 3262; ppageno 0'>
   <div class='ocr_carea' id='block_1_1' title="bbox 300 161 1345 208">
    <p class='ocr_par' dir='ltr' id='par_1_1' title="bbox 300 161 1345 208">
     <span class='ocr_line' id='line_1_1' title="bbox 300 161 1345 208; baseline 0 -1"><span class='ocrx_word' id='word_1_1' title='bbox 300 161 389 208; x_wconf 79' lang='lat'>210</span> <span class='ocrx_word' id='word_1_2' title='bbox 610 203 613 206; x_wconf 15' lang='grc' dir='ltr'><strong>Α</strong></span> <span class='ocrx_word' id='word_1_3' title='bbox 903 167 1047 203; x_wconf 67' lang='lat' dir='ltr'>mnan</span> <span class='ocrx_word' id='word_1_4' title='bbox 1082 167 1345 207; x_wconf 76' lang='lat' dir='ltr'><strong>SECUNDUS.</strong></span> 
     </span>
    </p>
   </div>
   <div class='ocr_carea' id='block_1_2' title="bbox 287 260 2002 1124">
    <p class='ocr_par' dir='ltr' id='par_1_2' title="bbox 287 260 2002 1124">
     <span class='ocr_line' id='line_1_2' title="bbox 303 260 1942 321; baseline -0.001 -13"><span class='ocrx_word' id='word_1_5' title='bbox 303 262 428 309; x_wconf 87' lang='lat' dir='ltr'>dicit.</span> <span class='ocrx_word' id='word_1_6' title='bbox 459 261 634 308; x_wconf 82' lang='lat' dir='ltr'>Deinde</span> <span class='ocrx_word' id='word_1_7' title='bbox 666 262 713 307; x_wconf 90' lang='lat' dir='ltr'>in</span> <span class='ocrx_word' id='word_1_8' title='bbox 744 261 813 319; x_wconf 92' lang='lat' dir='ltr'>iis,</span> <span class='ocrx_word' id='word_1_9' title='bbox 848 275 953 321; x_wconf 86' lang='lat' dir='ltr'>quae</span> <span class='ocrx_word' id='word_1_10' title='bbox 991 262 1182 308; x_wconf 90' lang='lat' dir='ltr'>dicenda</span> <span class='ocrx_word' id='word_1_11' title='bbox 1214 267 1489 319; x_wconf 88' lang='lat' dir='ltr'>occurrunt,</span> <span class='ocrx_word' id='word_1_12' title='bbox 1524 261 1746 308; x_wconf 89' lang='lat' dir='ltr'>debemus</span> <span class='ocrx_word' id='word_1_13' title='bbox 1776 260 1942 307; x_wconf 87' lang='lat' dir='ltr'>discre-</span> 
     </span>
     <span class='ocr_line' id='line_1_3' title="bbox 302 333 1943 394; baseline -0.001 -13"><span class='ocrx_word' id='word_1_14' title='bbox 302 335 425 382; x_wconf 88' lang='lat' dir='ltr'>tione</span> <span class='ocrx_word' id='word_1_15' title='bbox 450 335 604 394; x_wconf 90' lang='lat' dir='ltr'>potiri,</span> <span class='ocrx_word' id='word_1_16' title='bbox 633 340 794 380; x_wconf 88' lang='lat' dir='ltr'>utrum</span> <span class='ocrx_word' id='word_1_17' title='bbox 819 334 1010 392; x_wconf 78' lang='lat' dir='ltr'>tragice,</span> <span class='ocrx_word' id='word_1_18' title='bbox 1035 335 1134 382; x_wconf 92' lang='lat' dir='ltr'>sive</span> <span class='ocrx_word' id='word_1_19' title='bbox 1170 335 1359 392; x_wconf 90' lang='lat' dir='ltr'>comice,</span> <span class='ocrx_word' id='word_1_20' title='bbox 1386 336 1485 382; x_wconf 88' lang='lat' dir='ltr'>sive</span> <span class='ocrx_word' id='word_1_21' title='bbox 1512 334 1711 392; x_wconf 77' lang='lat' dir='ltr'>elegiace</span> <span class='ocrx_word' id='word_1_22' title='bbox 1743 333 1836 380; x_wconf 89' lang='lat' dir='ltr'>sint</span> <span class='ocrx_word' id='word_1_23' title='bbox 1869 346 1943 380; x_wconf 89' lang='lat' dir='ltr'>ca-</span> 
     </span>
     <span class='ocr_line' id='line_1_4' title="bbox 299 406 1942 465; baseline -0.002 -11"><span class='ocrx_word' id='word_1_24' title='bbox 299 410 466 455; x_wconf 90' lang='lat' dir='ltr'>nenda.</span> <span class='ocrx_word' id='word_1_25' title='bbox 491 409 581 455; x_wconf 90' lang='lat' dir='ltr'>Per</span> <span class='ocrx_word' id='word_1_26' title='bbox 605 407 888 465; x_wconf 79' lang='lat' dir='ltr'>tragoediam,</span> <span class='ocrx_word' id='word_1_27' title='bbox 911 407 1196 465; x_wconf 88' lang='lat' dir='ltr'>superiorem</span> <span class='ocrx_word' id='word_1_28' title='bbox 1220 408 1376 452; x_wconf 88' lang='lat' dir='ltr'>stilum</span> <span class='ocrx_word' id='word_1_29' title='bbox 1398 406 1648 463; x_wconf 82' lang='lat' dir='ltr'>induimuS,</span> <span class='ocrx_word' id='word_1_30' title='bbox 1669 419 1753 464; x_wconf 90' lang='lat' dir='ltr'>per</span> <span class='ocrx_word' id='word_1_31' title='bbox 1773 417 1942 453; x_wconf 85' lang='lat' dir='ltr'>comoe-</span> 
     </span>
     <span class='ocr_line' id='line_1_5' title="bbox 303 481 1939 540; baseline -0.001 -12"><span class='ocrx_word' id='word_1_32' title='bbox 303 482 423 528; x_wconf 87' lang='lat' dir='ltr'>diam</span> <span class='ocrx_word' id='word_1_33' title='bbox 449 481 728 539; x_wconf 84' lang='lat' dir='ltr'>inferiorem,</span> <span class='ocrx_word' id='word_1_34' title='bbox 765 494 848 540; x_wconf 91' lang='lat' dir='ltr'>per</span> <span class='ocrx_word' id='word_1_35' title='bbox 888 481 1079 539; x_wconf 81' lang='lat' dir='ltr'>elegiam</span> <span class='ocrx_word' id='word_1_36' title='bbox 1105 482 1264 527; x_wconf 89' lang='lat' dir='ltr'>stilum</span> <span class='ocrx_word' id='word_1_37' title='bbox 1287 481 1587 539; x_wconf 83' lang='lat' dir='ltr'>intelligimus</span> <span class='ocrx_word' id='word_1_38' title='bbox 1626 481 1939 527; x_wconf 64' lang='lat' dir='ltr'>miserorum.²</span> 
     </span>
     <span class='ocr_line' id='line_1_6' title="bbox 301 553 1942 613; baseline -0.002 -12"><span class='ocrx_word' id='word_1_39' title='bbox 301 556 346 602; x_wconf 90' lang='lat' dir='ltr'>Si</span> <span class='ocrx_word' id='word_1_40' title='bbox 374 556 546 613; x_wconf 77' lang='lat' dir='ltr'>tragice</span> <span class='ocrx_word' id='word_1_41' title='bbox 573 556 781 602; x_wconf 86' lang='lat' dir='ltr'>canenda</span> <span class='ocrx_word' id='word_1_42' title='bbox 806 555 1044 612; x_wconf 86' lang='lat' dir='ltr'>videntur,</span> <span class='ocrx_word' id='word_1_43' title='bbox 1073 561 1187 601; x_wconf 88' lang='lat' dir='ltr'>tunc</span> <span class='ocrx_word' id='word_1_44' title='bbox 1207 555 1544 600; x_wconf 85' lang='lat' dir='ltr'>adsumendum</span> <span class='ocrx_word' id='word_1_45' title='bbox 1571 559 1640 600; x_wconf 90' lang='lat' dir='ltr'>est</span> <span class='ocrx_word' id='word_1_46' title='bbox 1665 554 1858 611; x_wconf 88' lang='lat' dir='ltr'>vulgare</span> <span class='ocrx_word' id='word_1_47' title='bbox 1891 553 1942 598; x_wconf 88' lang='lat' dir='ltr'>il·</span> 
     </span>
     <span class='ocr_line' id='line_1_7' title="bbox 299 626 1938 687; baseline -0.002 -13"><span class='ocrx_word' id='word_1_48' title='bbox 299 629 462 686; x_wconf 86' lang='lat' dir='ltr'>lustre,</span> <span class='ocrx_word' id='word_1_49' title='bbox 495 635 541 674; x_wconf 86' lang='lat' dir='ltr'>et</span> <span class='ocrx_word' id='word_1_50' title='bbox 573 641 655 687; x_wconf 88' lang='lat' dir='ltr'>per</span> <span class='ocrx_word' id='word_1_51' title='bbox 681 641 970 687; x_wconf 88' lang='lat' dir='ltr'>consequens</span> <span class='ocrx_word' id='word_1_52' title='bbox 1003 627 1267 674; x_wconf 76' lang='lat' dir='ltr'>cantionem</span> <span class='ocrx_word' id='word_1_53' title='bbox 1307 627 1461 684; x_wconf 88' lang='lat' dir='ltr'>ligare.</span> <span class='ocrx_word' id='word_1_54' title='bbox 1507 627 1551 672; x_wconf 90' lang='lat' dir='ltr'>Si</span> <span class='ocrx_word' id='word_1_55' title='bbox 1592 638 1706 674; x_wconf 90' lang='lat' dir='ltr'>vero</span> <span class='ocrx_word' id='word_1_56' title='bbox 1746 626 1938 683; x_wconf 88' lang='lat' dir='ltr'>comice,</span> 
     </span>
     <span class='ocr_line' id='line_1_8' title="bbox 300 698 1942 759; baseline -0.002 -12"><span class='ocrx_word' id='word_1_57' title='bbox 300 706 415 747; x_wconf 86' lang='lat' dir='ltr'>tunc</span> <span class='ocrx_word' id='word_1_58' title='bbox 446 700 724 759; x_wconf 87' lang='lat' dir='ltr'>quandoque</span> <span class='ocrx_word' id='word_1_59' title='bbox 756 700 1004 756; x_wconf 84' lang='lat' dir='ltr'>mediocre,</span> <span class='ocrx_word' id='word_1_60' title='bbox 1037 699 1313 757; x_wconf 84' lang='lat' dir='ltr'>quandoque</span> <span class='ocrx_word' id='word_1_61' title='bbox 1355 699 1524 744; x_wconf 85' lang='lat' dir='ltr'>humile</span> <span class='ocrx_word' id='word_1_62' title='bbox 1563 698 1758 755; x_wconf 86' lang='lat' dir='ltr'>vulgare</span> <span class='ocrx_word' id='word_1_63' title='bbox 1790 710 1942 744; x_wconf 88' lang='lat' dir='ltr'>suma-</span> 
     </span>
     <span class='ocr_line' id='line_1_9' title="bbox 287 772 1938 831; baseline -0.001 -12"><span class='ocrx_word' id='word_1_64' title='bbox 287 772 381 819; x_wconf 87' lang='lat' dir='ltr'>&#39;tur</span> <span class='ocrx_word' id='word_1_65' title='bbox 396 788 411 830; x_wconf 92' lang='lat'>3</span> <span class='ocrx_word' id='word_1_66' title='bbox 445 779 490 819; x_wconf 85' lang='lat' dir='ltr'>et</span> <span class='ocrx_word' id='word_1_67' title='bbox 521 773 618 831; x_wconf 81' lang='lat' dir='ltr'>ejus</span> <span class='ocrx_word' id='word_1_68' title='bbox 651 774 976 820; x_wconf 85' lang='lat' dir='ltr'>discretionem</span> <span class='ocrx_word' id='word_1_69' title='bbox 1007 773 1054 818; x_wconf 92' lang='lat' dir='ltr'>in</span> <span class='ocrx_word' id='word_1_70' title='bbox 1092 780 1258 831; x_wconf 85' lang='lat' dir='ltr'>quarto</span> <span class='ocrx_word' id='word_1_71' title='bbox 1288 772 1426 830; x_wconf 88' lang='lat' dir='ltr'>hujus</span> <span class='ocrx_word' id='word_1_72' title='bbox 1457 784 1754 819; x_wconf 87' lang='lat' dir='ltr'>reservamus</span> <span class='ocrx_word' id='word_1_73' title='bbox 1785 777 1938 818; x_wconf 90' lang='lat' dir='ltr'>osten-</span> 
     </span>
     <span class='ocr_line' id='line_1_10' title="bbox 302 844 1942 904; baseline -0.002 -11"><span class='ocrx_word' id='word_1_74' title='bbox 302 848 425 893; x_wconf 88' lang='lat' dir='ltr'>dere.</span> <span class='ocrx_word' id='word_1_75' title='bbox 455 848 499 893; x_wconf 92' lang='lat' dir='ltr'>Si</span> <span class='ocrx_word' id='word_1_76' title='bbox 525 853 683 894; x_wconf 89' lang='lat' dir='ltr'>autem</span> <span class='ocrx_word' id='word_1_77' title='bbox 705 847 918 904; x_wconf 82' lang='lat' dir='ltr'>elegiace,</span> <span class='ocrx_word' id='word_1_78' title='bbox 940 847 1089 892; x_wconf 88' lang='lat' dir='ltr'>solum</span> <span class='ocrx_word' id='word_1_79' title='bbox 1111 847 1283 892; x_wconf 88' lang='lat' dir='ltr'>humile</span> <span class='ocrx_word' id='word_1_80' title='bbox 1309 858 1392 891; x_wconf 89' lang='lat' dir='ltr'>nos</span> <span class='ocrx_word' id='word_1_81' title='bbox 1416 851 1601 904; x_wconf 88' lang='lat' dir='ltr'>oportet</span> <span class='ocrx_word' id='word_1_82' title='bbox 1626 859 1825 892; x_wconf 88' lang='lat' dir='ltr'>sumere.</span> <span class='ocrx_word' id='word_1_83' title='bbox 1852 844 1942 891; x_wconf 83' lang='lat' dir='ltr'>Sed</span> 
     </span>
     <span class='ocr_line' id='line_1_11' title="bbox 299 921 2002 980; baseline -0.001 -12"><span class='ocrx_word' id='word_1_84' title='bbox 299 922 567 968; x_wconf 90' lang='lat' dir='ltr'>omittamus</span> <span class='ocrx_word' id='word_1_85' title='bbox 604 922 728 979; x_wconf 80' lang='lat' dir='ltr'>aliOS,</span> <span class='ocrx_word' id='word_1_86' title='bbox 760 928 806 968; x_wconf 93' lang='lat' dir='ltr'>et</span> <span class='ocrx_word' id='word_1_87' title='bbox 832 935 975 977; x_wconf 88' lang='lat' dir='ltr'>nunc,</span> <span class='ocrx_word' id='word_1_88' title='bbox 1002 927 1055 966; x_wconf 92' lang='lat' dir='ltr'>ut</span> <span class='ocrx_word' id='word_1_89' title='bbox 1082 921 1365 968; x_wconf 86' lang='lat' dir='ltr'>conveniens</span> <span class='ocrx_word' id='word_1_90' title='bbox 1406 927 1491 980; x_wconf 88' lang='lat' dir='ltr'>est,</span> <span class='ocrx_word' id='word_1_91' title='bbox 1533 922 1590 967; x_wconf 88' lang='lat' dir='ltr'>de</span> <span class='ocrx_word' id='word_1_92' title='bbox 1626 921 1731 968; x_wconf 92' lang='lat' dir='ltr'>stilo</span> <span class='ocrx_word' id='word_1_93' title='bbox 1764 921 1940 978; x_wconf 86' lang='lat' dir='ltr'>tragico</span> <span class='ocrx_word' id='word_1_94' title='bbox 2000 958 2002 960; x_wconf 94' lang='lat'>.</span> 
     </span>
     <span class='ocr_line' id='line_1_12' title="bbox 299 994 1942 1052; baseline 0 -14"><span class='ocrx_word' id='word_1_95' title='bbox 299 1000 653 1051; x_wconf 85' lang='lat' dir='ltr'>pertractemus.</span> <span class='ocrx_word' id='word_1_96' title='bbox 688 995 800 1041; x_wconf 92' lang='lat' dir='ltr'>Stilo</span> <span class='ocrx_word' id='word_1_97' title='bbox 826 994 1042 1052; x_wconf 85' lang='lat' dir='ltr'>equidem</span> <span class='ocrx_word' id='word_1_98' title='bbox 1063 994 1235 1051; x_wconf 90' lang='lat' dir='ltr'>tragico</span> <span class='ocrx_word' id='word_1_99' title='bbox 1259 999 1373 1040; x_wconf 93' lang='lat' dir='ltr'>tunc</span> <span class='ocrx_word' id='word_1_100' title='bbox 1394 994 1464 1040; x_wconf 92' lang='lat' dir='ltr'>uti</span> <span class='ocrx_word' id='word_1_101' title='bbox 1489 994 1722 1050; x_wconf 89' lang='lat' dir='ltr'>videmur,</span> <span class='ocrx_word' id='word_1_102' title='bbox 1749 994 1942 1052; x_wconf 88' lang='lat' dir='ltr'>quando</span> 
     </span>
     <span class='ocr_line' id='line_1_13' title="bbox 299 1066 1940 1124; baseline -0.001 -12"><span class='ocrx_word' id='word_1_103' title='bbox 299 1078 405 1112; x_wconf 87' lang='lat' dir='ltr'>cum</span> <span class='ocrx_word' id='word_1_104' title='bbox 434 1067 660 1123; x_wconf 88' lang='lat' dir='ltr'>gravitate</span> <span class='ocrx_word' id='word_1_105' title='bbox 685 1066 947 1123; x_wconf 79' lang='lat' dir='ltr'>sententiae,</span> <span class='ocrx_word' id='word_1_106' title='bbox 981 1071 1074 1112; x_wconf 90' lang='lat' dir='ltr'>tam</span> <span class='ocrx_word' id='word_1_107' title='bbox 1104 1066 1314 1124; x_wconf 87' lang='lat' dir='ltr'>superbia</span> <span class='ocrx_word' id='word_1_108' title='bbox 1348 1066 1625 1122; x_wconf 84' lang='lat' dir='ltr'>carminum,</span> <span class='ocrx_word' id='word_1_109' title='bbox 1658 1078 1800 1124; x_wconf 89' lang='lat' dir='ltr'>quam</span> <span class='ocrx_word' id='word_1_110' title='bbox 1832 1078 1940 1112; x_wconf 89' lang='lat' dir='ltr'>con-</span> 
     </span>
    </p>
   </div>
   <div class='ocr_carea' id='block_1_3' title="bbox 299 1137 2011 1198">
    <p class='ocr_par' dir='ltr' id='par_1_3' title="bbox 299 1137 2011 1198">
     <span class='ocr_line' id='line_1_14' title="bbox 299 1137 2011 1198; baseline 0.001 -14"><span class='ocrx_word' id='word_1_111' title='bbox 299 1141 567 1187; x_wconf 89' lang='lat' dir='ltr'>structionis</span> <span class='ocrx_word' id='word_1_112' title='bbox 593 1141 742 1198; x_wconf 90' lang='lat' dir='ltr'>elati0,</span> <span class='ocrx_word' id='word_1_113' title='bbox 776 1147 822 1187; x_wconf 91' lang='lat' dir='ltr'>et</span> <span class='ocrx_word' id='word_1_114' title='bbox 854 1142 1129 1188; x_wconf 83' lang='lat' dir='ltr'>excellentia</span> <span class='ocrx_word' id='word_1_115' title='bbox 1160 1141 1497 1189; x_wconf 88' lang='lat' dir='ltr'>vocabulorum</span> <span class='ocrx_word' id='word_1_116' title='bbox 1539 1137 1820 1186; x_wconf 65' lang='lat' dir='ltr'>concordat*</span> <span class='ocrx_word' id='word_1_117' title='bbox 1851 1140 1943 1185; x_wconf 90' lang='lat' dir='ltr'>Sed</span> <span class='ocrx_word' id='word_1_118' title='bbox 2009 1191 2011 1193; x_wconf 54' lang='grc'><strong>,</strong></span> 
     </span>
    </p>
   </div>
   <div class='ocr_carea' id='block_1_4' title="bbox 296 1211 1943 2296">
    <p class='ocr_par' dir='ltr' id='par_1_4' title="bbox 296 1211 1943 2296">
     <span class='ocr_line' id='line_1_15' title="bbox 300 1211 1943 1271; baseline 0.001 -13"><span class='ocrx_word' id='word_1_119' title='bbox 300 1214 423 1271; x_wconf 90' lang='lat' dir='ltr'>quia,</span> <span class='ocrx_word' id='word_1_120' title='bbox 456 1214 492 1259; x_wconf 92' lang='lat' dir='ltr'>si</span> <span class='ocrx_word' id='word_1_121' title='bbox 523 1215 641 1260; x_wconf 84' lang='lat' dir='ltr'>hene</span> <span class='ocrx_word' id='word_1_122' title='bbox 675 1214 936 1271; x_wconf 78' lang='lat' dir='ltr'>recolimuS,</span> <span class='ocrx_word' id='word_1_123' title='bbox 979 1226 1158 1260; x_wconf 91' lang='lat' dir='ltr'>summa</span> <span class='ocrx_word' id='word_1_124' title='bbox 1197 1215 1390 1260; x_wconf 89' lang='lat' dir='ltr'>summis</span> <span class='ocrx_word' id='word_1_125' title='bbox 1432 1225 1530 1260; x_wconf 90' lang='lat' dir='ltr'>esse</span> <span class='ocrx_word' id='word_1_126' title='bbox 1567 1212 1702 1271; x_wconf 85' lang='lat' dir='ltr'>digna</span> <span class='ocrx_word' id='word_1_127' title='bbox 1730 1211 1823 1270; x_wconf 86' lang='lat' dir='ltr'>jam</span> <span class='ocrx_word' id='word_1_128' title='bbox 1856 1212 1943 1259; x_wconf 83' lang='lat' dir='ltr'>fuit</span> 
     </span>
     <span class='ocr_line' id='line_1_16' title="bbox 299 1284 1943 1346; baseline -0.001 -16"><span class='ocrx_word' id='word_1_129' title='bbox 299 1286 562 1344; x_wconf 87' lang='lat' dir='ltr'>probatum,</span> <span class='ocrx_word' id='word_1_130' title='bbox 589 1292 635 1332; x_wconf 92' lang='lat' dir='ltr'>et</span> <span class='ocrx_word' id='word_1_131' title='bbox 652 1286 755 1343; x_wconf 89' lang='lat' dir='ltr'>iste,</span> <span class='ocrx_word' id='word_1_132' title='bbox 778 1299 918 1344; x_wconf 90' lang='lat' dir='ltr'>quem</span> <span class='ocrx_word' id='word_1_133' title='bbox 943 1288 1172 1345; x_wconf 87' lang='lat' dir='ltr'>tragicum</span> <span class='ocrx_word' id='word_1_134' title='bbox 1193 1288 1489 1346; x_wconf 79' lang='lat' dir='ltr'>appellamuS,</span> <span class='ocrx_word' id='word_1_135' title='bbox 1514 1296 1724 1332; x_wconf 87' lang='lat' dir='ltr'>summus</span> <span class='ocrx_word' id='word_1_136' title='bbox 1749 1284 1943 1330; x_wconf 87' lang='lat' dir='ltr'>videtur</span> 
     </span>
     <span class='ocr_line' id='line_1_17' title="bbox 300 1357 1943 1418; baseline -0.001 -13"><span class='ocrx_word' id='word_1_137' title='bbox 300 1371 398 1405; x_wconf 88' lang='lat' dir='ltr'>esse</span> <span class='ocrx_word' id='word_1_138' title='bbox 429 1360 657 1417; x_wconf 87' lang='lat' dir='ltr'>stilorum,</span> <span class='ocrx_word' id='word_1_139' title='bbox 683 1361 755 1406; x_wconf 89' lang='lat' dir='ltr'>illa</span> <span class='ocrx_word' id='word_1_140' title='bbox 793 1373 899 1418; x_wconf 79' lang='lat' dir='ltr'>quae</span> <span class='ocrx_word' id='word_1_141' title='bbox 940 1373 1119 1406; x_wconf 86' lang='lat' dir='ltr'>summe</span> <span class='ocrx_word' id='word_1_142' title='bbox 1152 1361 1358 1407; x_wconf 91' lang='lat' dir='ltr'>canenda</span> <span class='ocrx_word' id='word_1_143' title='bbox 1390 1359 1704 1415; x_wconf 82' lang='lat' dir='ltr'>distinximuS,</span> <span class='ocrx_word' id='word_1_144' title='bbox 1732 1357 1821 1404; x_wconf 89' lang='lat' dir='ltr'>isto</span> <span class='ocrx_word' id='word_1_145' title='bbox 1847 1358 1943 1403; x_wconf 89' lang='lat' dir='ltr'>solo</span> 
     </span>
     <span class='ocr_line' id='line_1_18' title="bbox 298 1433 1942 1492; baseline -0.001 -14"><span class='ocrx_word' id='word_1_146' title='bbox 298 1439 409 1479; x_wconf 91' lang='lat' dir='ltr'>sunt</span> <span class='ocrx_word' id='word_1_147' title='bbox 441 1434 544 1479; x_wconf 92' lang='lat' dir='ltr'>stilo</span> <span class='ocrx_word' id='word_1_148' title='bbox 572 1435 776 1480; x_wconf 89' lang='lat' dir='ltr'>canenda</span> <span class='ocrx_word' id='word_1_149' title='bbox 793 1448 808 1491; x_wconf 97' lang='lat'>3</span> <span class='ocrx_word' id='word_1_150' title='bbox 839 1434 1073 1492; x_wconf 92' lang='lat' dir='ltr'>videlicet,</span> <span class='ocrx_word' id='word_1_151' title='bbox 1113 1435 1250 1491; x_wconf 77' lang='lat' dir='ltr'>saluS,</span> <span class='ocrx_word' id='word_1_152' title='bbox 1291 1446 1420 1480; x_wconf 90' lang='lat' dir='ltr'>amor</span> <span class='ocrx_word' id='word_1_153' title='bbox 1450 1439 1496 1481; x_wconf 88' lang='lat' dir='ltr'>et</span> <span class='ocrx_word' id='word_1_154' title='bbox 1536 1433 1708 1490; x_wconf 80' lang='lat' dir='ltr'>virtuS,</span> <span class='ocrx_word' id='word_1_155' title='bbox 1741 1439 1788 1479; x_wconf 88' lang='lat' dir='ltr'>et</span> <span class='ocrx_word' id='word_1_156' title='bbox 1833 1444 1942 1490; x_wconf 83' lang='lat' dir='ltr'>quae</span> 
     </span>
     <span class='ocr_line' id='line_1_19' title="bbox 297 1507 1940 1567; baseline 0 -15"><span class='ocrx_word' id='word_1_157' title='bbox 297 1513 488 1565; x_wconf 87' lang='lat' dir='ltr'>propter</span> <span class='ocrx_word' id='word_1_158' title='bbox 513 1522 565 1554; x_wconf 90' lang='lat' dir='ltr'>ea</span> <span class='ocrx_word' id='word_1_159' title='bbox 588 1508 888 1567; x_wconf 76' lang='lat' dir='ltr'>concipimUS,</span> <span class='ocrx_word' id='word_1_160' title='bbox 922 1510 1034 1555; x_wconf 90' lang='lat' dir='ltr'>dum</span> <span class='ocrx_word' id='word_1_161' title='bbox 1065 1510 1192 1555; x_wconf 92' lang='lat' dir='ltr'>nullo</span> <span class='ocrx_word' id='word_1_162' title='bbox 1221 1509 1461 1556; x_wconf 89' lang='lat' dir='ltr'>accidente</span> <span class='ocrx_word' id='word_1_163' title='bbox 1491 1509 1734 1556; x_wconf 86' lang='lat' dir='ltr'>vilescant.</span> <span class='ocrx_word' id='word_1_164' title='bbox 1769 1507 1940 1554; x_wconf 87' lang='lat' dir='ltr'>Caveat</span> 
     </span>
     <span class='ocr_line' id='line_1_20' title="bbox 297 1579 1941 1640; baseline -0.001 -15"><span class='ocrx_word' id='word_1_165' title='bbox 297 1592 407 1637; x_wconf 87' lang='lat' dir='ltr'>ergo</span> <span class='ocrx_word' id='word_1_166' title='bbox 425 1581 634 1639; x_wconf 81' lang='lat' dir='ltr'>quilibet,</span> <span class='ocrx_word' id='word_1_167' title='bbox 662 1587 708 1628; x_wconf 90' lang='lat' dir='ltr'>et</span> <span class='ocrx_word' id='word_1_168' title='bbox 735 1581 966 1628; x_wconf 89' lang='lat' dir='ltr'>discernat</span> <span class='ocrx_word' id='word_1_169' title='bbox 984 1594 1050 1639; x_wconf 87' lang='lat' dir='ltr'>ea,</span> <span class='ocrx_word' id='word_1_170' title='bbox 1070 1595 1176 1640; x_wconf 75' lang='lat' dir='ltr'>quae</span> <span class='ocrx_word' id='word_1_171' title='bbox 1195 1582 1391 1628; x_wconf 91' lang='lat' dir='ltr'>dicimus</span> <span class='ocrx_word' id='word_1_172' title='bbox 1407 1595 1422 1638; x_wconf 95' lang='lat'>3</span> <span class='ocrx_word' id='word_1_173' title='bbox 1449 1588 1496 1628; x_wconf 91' lang='lat' dir='ltr'>et</span> <span class='ocrx_word' id='word_1_174' title='bbox 1523 1581 1706 1639; x_wconf 90' lang='lat' dir='ltr'>quando</span> <span class='ocrx_word' id='word_1_175' title='bbox 1732 1579 1820 1626; x_wconf 88' lang='lat' dir='ltr'>tria</span> <span class='ocrx_word' id='word_1_176' title='bbox 1840 1581 1941 1625; x_wconf 76' lang='lat' dir='ltr'>haec</span> 
     </span>
     <span class='ocr_line' id='line_1_21' title="bbox 298 1654 1942 1715; baseline -0.001 -16"><span class='ocrx_word' id='word_1_177' title='bbox 298 1665 415 1711; x_wconf 91' lang='lat' dir='ltr'>pure</span> <span class='ocrx_word' id='word_1_178' title='bbox 441 1660 631 1702; x_wconf 91' lang='lat' dir='ltr'>cantare</span> <span class='ocrx_word' id='word_1_179' title='bbox 656 1654 872 1712; x_wconf 90' lang='lat' dir='ltr'>intendit,</span> <span class='ocrx_word' id='word_1_180' title='bbox 899 1656 975 1703; x_wconf 92' lang='lat' dir='ltr'>vel</span> <span class='ocrx_word' id='word_1_181' title='bbox 1001 1669 1107 1715; x_wconf 89' lang='lat' dir='ltr'>quae</span> <span class='ocrx_word' id='word_1_182' title='bbox 1139 1657 1197 1702; x_wconf 91' lang='lat' dir='ltr'>ad</span> <span class='ocrx_word' id='word_1_183' title='bbox 1227 1669 1279 1702; x_wconf 89' lang='lat' dir='ltr'>ea</span> <span class='ocrx_word' id='word_1_184' title='bbox 1314 1656 1491 1702; x_wconf 87' lang='lat' dir='ltr'>directe</span> <span class='ocrx_word' id='word_1_185' title='bbox 1517 1660 1563 1701; x_wconf 91' lang='lat' dir='ltr'>et</span> <span class='ocrx_word' id='word_1_186' title='bbox 1588 1666 1705 1713; x_wconf 92' lang='lat' dir='ltr'>pure</span> <span class='ocrx_word' id='word_1_187' title='bbox 1735 1665 1942 1712; x_wconf 88' lang='lat' dir='ltr'>sequun-</span> 
     </span>
     <span class='ocr_line' id='line_1_22' title="bbox 299 1724 1939 1784; baseline 0 -16"><span class='ocrx_word' id='word_1_188' title='bbox 299 1728 394 1780; x_wconf 86' lang='lat' dir='ltr'>tur,</span> <span class='ocrx_word' id='word_1_189' title='bbox 440 1724 570 1782; x_wconf 87' lang='lat' dir='ltr'>prius</span> <span class='ocrx_word' id='word_1_190' title='bbox 606 1724 822 1771; x_wconf 89' lang='lat' dir='ltr'>Helicone</span> <span class='ocrx_word' id='word_1_191' title='bbox 863 1731 1067 1784; x_wconf 81' lang='lat' dir='ltr'>potatuS,</span> <span class='ocrx_word' id='word_1_192' title='bbox 1113 1725 1255 1772; x_wconf 86' lang='lat' dir='ltr'>tensis</span> <span class='ocrx_word' id='word_1_193' title='bbox 1298 1724 1465 1771; x_wconf 88' lang='lat' dir='ltr'>fidibus</span> <span class='ocrx_word' id='word_1_194' title='bbox 1512 1724 1727 1770; x_wconf 88' lang='lat' dir='ltr'>adsumat</span> <span class='ocrx_word' id='word_1_195' title='bbox 1774 1734 1939 1769; x_wconf 88' lang='lat' dir='ltr'>secure</span> 
     </span>
     <span class='ocr_line' id='line_1_23' title="bbox 298 1796 1939 1857; baseline 0.001 -17"><span class='ocrx_word' id='word_1_196' title='bbox 298 1796 547 1853; x_wconf 87' lang='lat' dir='ltr'>plectrum,</span> <span class='ocrx_word' id='word_1_197' title='bbox 575 1803 621 1843; x_wconf 90' lang='lat' dir='ltr'>et</span> <span class='ocrx_word' id='word_1_198' title='bbox 647 1810 756 1844; x_wconf 91' lang='lat' dir='ltr'>cum</span> <span class='ocrx_word' id='word_1_199' title='bbox 780 1810 908 1844; x_wconf 91' lang='lat' dir='ltr'>more</span> <span class='ocrx_word' id='word_1_200' title='bbox 940 1799 1143 1857; x_wconf 88' lang='lat' dir='ltr'>incipiat.</span> <span class='ocrx_word' id='word_1_201' title='bbox 1181 1799 1270 1845; x_wconf 88' lang='lat' dir='ltr'>Sed</span> <span class='ocrx_word' id='word_1_202' title='bbox 1296 1798 1573 1853; x_wconf 87' lang='lat' dir='ltr'>cantionem,</span> <span class='ocrx_word' id='word_1_203' title='bbox 1600 1802 1741 1856; x_wconf 89' lang='lat' dir='ltr'>atque</span> <span class='ocrx_word' id='word_1_204' title='bbox 1768 1796 1939 1842; x_wconf 87' lang='lat' dir='ltr'>discre-</span> 
     </span>
     <span class='ocr_line' id='line_1_24' title="bbox 298 1867 1938 1930; baseline 0.001 -17"><span class='ocrx_word' id='word_1_205' title='bbox 298 1867 473 1913; x_wconf 88' lang='lat' dir='ltr'>tionem</span> <span class='ocrx_word' id='word_1_206' title='bbox 493 1869 627 1926; x_wconf 91' lang='lat' dir='ltr'>hanc,</span> <span class='ocrx_word' id='word_1_207' title='bbox 660 1870 782 1918; x_wconf 91' lang='lat' dir='ltr'>sicut</span> <span class='ocrx_word' id='word_1_208' title='bbox 815 1871 967 1928; x_wconf 91' lang='lat' dir='ltr'>decet,</span> <span class='ocrx_word' id='word_1_209' title='bbox 1007 1871 1175 1928; x_wconf 86' lang='lat' dir='ltr'>facere,</span> <span class='ocrx_word' id='word_1_210' title='bbox 1200 1872 1286 1918; x_wconf 91' lang='lat' dir='ltr'>hoc</span> <span class='ocrx_word' id='word_1_211' title='bbox 1312 1883 1428 1930; x_wconf 88' lang='lat' dir='ltr'>opus</span> <span class='ocrx_word' id='word_1_212' title='bbox 1453 1877 1499 1917; x_wconf 92' lang='lat' dir='ltr'>et</span> <span class='ocrx_word' id='word_1_213' title='bbox 1523 1871 1651 1917; x_wconf 84' lang='lat' dir='ltr'>labor</span> <span class='ocrx_word' id='word_1_214' title='bbox 1681 1875 1751 1916; x_wconf 87' lang='lat' dir='ltr'>est</span> <span class='ocrx_word' id='word_1_215' title='bbox 1767 1883 1783 1926; x_wconf 90' lang='grc'><em>3</em></span> <span class='ocrx_word' id='word_1_216' title='bbox 1824 1882 1938 1927; x_wconf 90' lang='lat' dir='ltr'>quo-</span> 
     </span>
     <span class='ocr_line' id='line_1_25' title="bbox 297 1940 1939 2003; baseline 0.002 -18"><span class='ocrx_word' id='word_1_217' title='bbox 297 1940 421 1986; x_wconf 89' lang='lat' dir='ltr'>niam</span> <span class='ocrx_word' id='word_1_218' title='bbox 460 1955 703 2001; x_wconf 88' lang='lat' dir='ltr'>nunquam</span> <span class='ocrx_word' id='word_1_219' title='bbox 743 1944 843 1992; x_wconf 88' lang='lat' dir='ltr'>sine</span> <span class='ocrx_word' id='word_1_220' title='bbox 882 1946 1160 1992; x_wconf 89' lang='lat' dir='ltr'>strenuitate</span> <span class='ocrx_word' id='word_1_221' title='bbox 1200 1945 1386 2003; x_wconf 88' lang='lat' dir='ltr'>ingenii,</span> <span class='ocrx_word' id='word_1_222' title='bbox 1426 1950 1473 1991; x_wconf 92' lang='lat' dir='ltr'>et</span> <span class='ocrx_word' id='word_1_223' title='bbox 1512 1943 1624 1990; x_wconf 87' lang='lat' dir='ltr'>artis</span> <span class='ocrx_word' id='word_1_224' title='bbox 1655 1943 1939 1999; x_wconf 87' lang='lat' dir='ltr'>assiduitate,</span> 
     </span>
     <span class='ocr_line' id='line_1_26' title="bbox 297 2014 1938 2076; baseline 0.001 -17"><span class='ocrx_word' id='word_1_225' title='bbox 297 2014 693 2075; x_wconf 86' lang='lat' dir='ltr'>scientiarumque</span> <span class='ocrx_word' id='word_1_226' title='bbox 718 2017 875 2063; x_wconf 88' lang='lat' dir='ltr'>habitu</span> <span class='ocrx_word' id='word_1_227' title='bbox 893 2017 993 2063; x_wconf 88' lang='lat' dir='ltr'>fieri</span> <span class='ocrx_word' id='word_1_228' title='bbox 1017 2023 1183 2076; x_wconf 90' lang='lat' dir='ltr'>potest.</span> <span class='ocrx_word' id='word_1_229' title='bbox 1203 2017 1264 2063; x_wconf 90' lang='lat' dir='ltr'>Et</span> <span class='ocrx_word' id='word_1_230' title='bbox 1283 2017 1312 2062; x_wconf 94' lang='lat' dir='ltr'>ii</span> <span class='ocrx_word' id='word_1_231' title='bbox 1337 2022 1464 2074; x_wconf 92' lang='lat' dir='ltr'>sunt,</span> <span class='ocrx_word' id='word_1_232' title='bbox 1489 2027 1606 2074; x_wconf 87' lang='lat' dir='ltr'>quos</span> <span class='ocrx_word' id='word_1_233' title='bbox 1627 2021 1763 2074; x_wconf 87' lang='lat' dir='ltr'>poeta</span> <span class='ocrx_word' id='word_1_234' title='bbox 1782 2015 1938 2061; x_wconf 89' lang='lat' dir='ltr'>AEnei-</span> 
     </span>
     <span class='ocr_line' id='line_1_27' title="bbox 298 2086 1940 2147; baseline 0.001 -16"><span class='ocrx_word' id='word_1_235' title='bbox 298 2086 466 2132; x_wconf 90' lang='lat' dir='ltr'>dorum</span> <span class='ocrx_word' id='word_1_236' title='bbox 490 2094 640 2147; x_wconf 84' lang='lat' dir='ltr'>sexte,</span> <span class='ocrx_word' id='word_1_237' title='bbox 667 2089 859 2136; x_wconf 88' lang='lat' dir='ltr'>dilectos</span> <span class='ocrx_word' id='word_1_238' title='bbox 884 2090 982 2147; x_wconf 89' lang='lat' dir='ltr'>Dei,</span> <span class='ocrx_word' id='word_1_239' title='bbox 1010 2096 1055 2136; x_wconf 88' lang='lat' dir='ltr'>et</span> <span class='ocrx_word' id='word_1_240' title='bbox 1080 2092 1136 2136; x_wconf 88' lang='lat' dir='ltr'>ab</span> <span class='ocrx_word' id='word_1_241' title='bbox 1159 2091 1351 2136; x_wconf 92' lang='lat' dir='ltr'>ardente</span> <span class='ocrx_word' id='word_1_242' title='bbox 1377 2090 1557 2137; x_wconf 82' lang='lat' dir='ltr'>virtute</span> <span class='ocrx_word' id='word_1_243' title='bbox 1582 2088 1854 2135; x_wconf 88' lang='lat' dir='ltr'>sublimatos</span> <span class='ocrx_word' id='word_1_244' title='bbox 1881 2088 1940 2133; x_wconf 87' lang='lat' dir='ltr'>ad</span> 
     </span>
     <span class='ocr_line' id='line_1_28' title="bbox 298 2161 1933 2222; baseline 0.002 -17"><span class='ocrx_word' id='word_1_245' title='bbox 298 2161 486 2219; x_wconf 52' lang='lat' dir='ltr'>aethera,</span> <span class='ocrx_word' id='word_1_246' title='bbox 514 2163 799 2221; x_wconf 90' lang='lat' dir='ltr'>deorumque</span> <span class='ocrx_word' id='word_1_247' title='bbox 824 2162 939 2209; x_wconf 83' lang='lat' dir='ltr'>filios</span> <span class='ocrx_word' id='word_1_248' title='bbox 969 2169 1123 2219; x_wconf 77' lang='lat' dir='ltr'>vocat,</span> <span class='ocrx_word' id='word_1_249' title='bbox 1156 2176 1438 2222; x_wconf 89' lang='lat' dir='ltr'>quamquam</span> <span class='ocrx_word' id='word_1_250' title='bbox 1468 2162 1666 2220; x_wconf 87' lang='lat' dir='ltr'>figurate</span> <span class='ocrx_word' id='word_1_251' title='bbox 1697 2163 1933 2222; x_wconf 89' lang='lat' dir='ltr'>loquatur.</span> 
     </span>
     <span class='ocr_line' id='line_1_29' title="bbox 296 2232 1938 2296; baseline 0.002 -19"><span class='ocrx_word' id='word_1_252' title='bbox 296 2232 354 2278; x_wconf 89' lang='lat' dir='ltr'>Et</span> <span class='ocrx_word' id='word_1_253' title='bbox 395 2233 496 2278; x_wconf 87' lang='lat' dir='ltr'>ideo</span> <span class='ocrx_word' id='word_1_254' title='bbox 528 2233 808 2282; x_wconf 83' lang='lat' dir='ltr'>confiteatur</span> <span class='ocrx_word' id='word_1_255' title='bbox 839 2248 1002 2282; x_wconf 89' lang='lat' dir='ltr'>eorum</span> <span class='ocrx_word' id='word_1_256' title='bbox 1031 2237 1242 2295; x_wconf 87' lang='lat' dir='ltr'>stultitia,</span> <span class='ocrx_word' id='word_1_257' title='bbox 1275 2237 1355 2296; x_wconf 89' lang='lat' dir='ltr'>qui</span> <span class='ocrx_word' id='word_1_258' title='bbox 1385 2242 1501 2294; x_wconf 92' lang='lat' dir='ltr'>arte,</span> <span class='ocrx_word' id='word_1_259' title='bbox 1532 2235 1822 2294; x_wconf 86' lang='lat' dir='ltr'>scientiaque</span> <span class='ocrx_word' id='word_1_260' title='bbox 1854 2235 1938 2281; x_wconf 91' lang='lat' dir='ltr'>im-</span> 
     </span>
    </p>
   </div>
   <div class='ocr_carea' id='block_1_5' title="bbox 286 2350 1943 2448">
    <p class='ocr_par' dir='ltr' id='par_1_5' title="bbox 286 2350 1943 2448">
     <span class='ocr_line' id='line_1_30' title="bbox 333 2350 1943 2398; baseline -0.002 -7"><span class='ocrx_word' id='word_1_261' title='bbox 333 2353 347 2381; x_wconf 78' lang='lat'><strong>1</strong></span> <span class='ocrx_word' id='word_1_262' title='bbox 376 2354 456 2391; x_wconf 87' lang='lat' dir='ltr'>Una</span> <span class='ocrx_word' id='word_1_263' title='bbox 473 2354 640 2389; x_wconf 80' lang='lat' dir='ltr'>dottrina</span> <span class='ocrx_word' id='word_1_264' title='bbox 658 2353 789 2389; x_wconf 70' lang='lat' dir='ltr'>affatio</span> <span class='ocrx_word' id='word_1_265' title='bbox 814 2352 941 2388; x_wconf 78' lang='lat' dir='ltr'>simile</span> <span class='ocrx_word' id='word_1_266' title='bbox 959 2353 1076 2387; x_wconf 75' lang='lat' dir='ltr'>intor-</span> <span class='ocrx_word' id='word_1_267' title='bbox 1144 2356 1180 2389; x_wconf 82' lang='lat' dir='ltr'>te</span> <span class='ocrx_word' id='word_1_268' title='bbox 1214 2362 1308 2389; x_wconf 89' lang='lat' dir='ltr'>anco</span> <span class='ocrx_word' id='word_1_269' title='bbox 1339 2353 1443 2390; x_wconf 84' lang='lat' dir='ltr'>nella</span> <span class='ocrx_word' id='word_1_270' title='bbox 1472 2362 1542 2390; x_wconf 85' lang='lat' dir='ltr'>sua</span> <span class='ocrx_word' id='word_1_271' title='bbox 1577 2352 1748 2398; x_wconf 82' lang='lat' dir='ltr'>Epistola</span> <span class='ocrx_word' id='word_1_272' title='bbox 1781 2360 1803 2388; x_wconf 79' lang='lat' dir='ltr'>a</span> <span class='ocrx_word' id='word_1_273' title='bbox 1839 2350 1943 2388; x_wconf 80' lang='lat' dir='ltr'>Cano</span> 
     </span>
     <span class='ocr_line' id='line_1_31' title="bbox 286 2402 1353 2448; baseline -0.002 -8"><span class='ocrx_word' id='word_1_274' title='bbox 286 2414 336 2441; x_wconf 77' lang='lat' dir='ltr'>no</span> <span class='ocrx_word' id='word_1_275' title='bbox 353 2404 428 2439; x_wconf 83' lang='lat' dir='ltr'>alle</span> <span class='ocrx_word' id='word_1_276' title='bbox 446 2403 591 2439; x_wconf 78' lang='lat' dir='ltr'>varieta</span> <span class='ocrx_word' id='word_1_277' title='bbox 609 2402 712 2439; x_wconf 88' lang='lat' dir='ltr'>dello</span> <span class='ocrx_word' id='word_1_278' title='bbox 729 2402 818 2440; x_wconf 86' lang='lat' dir='ltr'>stile</span> <span class='ocrx_word' id='word_1_279' title='bbox 836 2411 972 2448; x_wconf 86' lang='lat' dir='ltr'>espose</span> <span class='ocrx_word' id='word_1_280' title='bbox 984 2403 1076 2437; x_wconf 82' lang='lat' dir='ltr'>Dan-</span> <span class='ocrx_word' id='word_1_281' title='bbox 1146 2403 1353 2448; x_wconf 83' lang='lat' dir='ltr'>scaligero.</span> 
     </span>
    </p>
   </div>
  </div>
 </body>
</html>
