2054 3262
310 155 394 202 402
927 166 1071 201 Lmen
1102 167 1323 205 warlus,

305 264 458 306 tarent
481 263 531 305 ut
550 273 644 305 non
668 259 884 306 traderer
907 261 1082 308 Judoeis
1097 275 1112 307 .·
1138 276 1262 309 nunc
1288 266 1439 309 autem
1464 275 1657 320 reanum
1679 274 1828 308 meum
1848 274 1943 307 non

309 337 370 378 est
400 333 488 379 hic.
525 333 657 389 Quod
691 346 786 379 non
825 334 891 380 sic
932 334 1282 393 intelligendum
1325 341 1410 391 est,
1443 347 1498 380 ac
1527 335 1566 380 si
1599 334 1822 392 ChristuS,
1854 334 1936 392 qui

313 405 434 450 Deus
463 411 548 461 est,
580 417 674 450 non
704 405 763 451 sit
796 405 1007 453 dominus
1037 406 1167 465 regni
1199 408 1352 466 hujUs,
1387 420 1496 454 cum
1526 407 1759 465 psalmista
1785 407 1943 454 dicat:

317 478 545 532 Quoniam
569 478 715 534 ipsius
739 482 802 524 est
825 492 971 535 mare,
997 483 1036 525 et
1062 481 1156 538 ipse
1179 482 1286 538 fecit
1315 480 1452 536 illud,
1483 483 1524 525 et
1555 479 1746 526 aridam
1773 479 1952 538 sundw,

314 554 475 595 uerunt
498 563 662 596 manus
686 549 809 605 ejus;
833 551 914 597 sed
934 552 1056 610 quia,
1081 557 1134 597 ut
1158 553 1395 610 exemplar
1416 551 1655 607 Ecclesiae,
1677 563 1784 610 quae
1811 551 1945 609 regni

313 622 448 680 huJ'us
473 634 633 668 curam
664 635 759 669 non
789 622 984 670 habebat
1003 636 1018 680 3
1051 623 1183 670 velut
1215 623 1254 668 si
1284 635 1479 670 aureum
1509 623 1707 680 sigillum
1730 623 1945 682 loquere·

315 702 392 742 tur
423 696 478 741 de
509 708 557 741 se
589 696 776 742 dicens:
811 700 915 746 Non
944 710 1047 742 sum
1075 710 1298 743 mensura
1329 699 1382 743 in
1414 698 1568 757 aliquo
1601 710 1796 756 qenere:
1819 697 1946 756 quod

313 770 500 827 quidem
525 770 704 816 dictum
728 782 823 816 non
847 770 983 815 habet
1009 770 1178 827 locum,
1202 770 1249 815 in
1271 775 1500 827 quantum
1526 776 1596 817 est
1621 782 1806 827 aurum,
1835 783 1947 816 cum

314 843 372 889 sit
405 849 608 889 metrum
641 843 688 888 in
720 855 890 901 genere
921 844 1228 902 metallorum,
1262 845 1343 890 sed
1373 843 1420 888 in
1447 849 1677 901 quantum
1702 848 1771 890 est
1797 844 1947 901 quod-

315 917 417 962 dam
448 917 631 975 signum
661 918 930 976 receptibile
963 930 1046 976 per
1081 917 1443 976 impressionem.
1472 918 1681 965 Formale
1705 917 1850 975 igitur
1876 924 1949 964 est
1985 925 1987 927 ’

316 989 536 1036 Ecclesiae
564 991 674 1037 illud
693 992 815 1037 idem
832 991 1004 1048 dicere,
1022 991 1134 1037 illud
1152 991 1274 1037 idem
1290 991 1478 1038 sentire.
1498 990 1772 1050 Oppositum
1787 997 1947 1037 autem

317 1064 470 1110 dicere
502 1064 578 1111 vel
609 1065 799 1121 sentire,
833 1065 1117 1112 contrarium
1147 1065 1325 1122 formae,
1358 1070 1412 1112 ut
1445 1070 1589 1123 patet,
1615 1064 1714 1112 sive
1745 1070 1947 1120 naturae,

315 1138 442 1195 quod
470 1138 593 1183 idem
624 1144 707 1184 est.
741 1138 815 1184 Ex
857 1151 949 1197 quo
990 1139 1220 1196 colligitur
1261 1139 1387 1197 quod
1427 1139 1583 1187 virtus
1622 1138 1947 1185 authorizandi,

316 1225 514 1271 regnum
544 1213 646 1270 hoc,
677 1212 736 1259 sit
767 1218 929 1258 contra
960 1219 1176 1259 naturam
1207 1212 1442 1260 Ecclesiae.
1479 1212 1794 1259 Contrarietas
1823 1199 1948 1258 enini

318 1285 365 1330 in
396 1285 610 1342 opimone
641 1285 718 1332 vel
749 1285 887 1342 dicte,
914 1285 1128 1343 sequitur
1153 1298 1212 1332 ex
1240 1285 1568 1333 contrarietate
1594 1299 1701 1344 quae
1727 1291 1798 1333 est
1823 1285 1871 1331 in
1896 1298 1948 1331 re

318 1355 439 1400 dicta
469 1355 545 1402 vel
576 1355 787 1413 opinata:
821 1355 943 1401 sicut
968 1368 1138 1402 verum
1163 1361 1208 1402 et
1234 1356 1397 1402 falsum
1422 1357 1479 1402 ab
1505 1367 1603 1402 esse
1629 1356 1698 1402 rei
1733 1355 1811 1403 vel
1851 1367 1948 1400 non

319 1440 416 1474 esse
446 1428 495 1472 in
525 1428 731 1473 oratione
763 1434 996 1485 causatur,
1027 1434 1081 1474 ut
1114 1429 1322 1477 doctrina
1356 1431 1834 1476 Proedicamentorum
1861 1440 1951 1474 nos

321 1502 471 1548 docet.
516 1500 811 1547 sufficienter
851 1501 993 1558 igitur
1023 1514 1108 1560 per
1139 1507 1413 1559 argumenta
1442 1502 1699 1560 superiora,
1731 1500 1953 1546 ducendo

319 1574 377 1621 ad
407 1573 756 1630 inconvenienS,
782 1574 1028 1632 probatum
1053 1578 1123 1619 est
1150 1574 1478 1621 auctoritatem
1503 1574 1684 1633 imperii
1706 1574 1763 1620 ab
1785 1574 1947 1620 Eccle-

321 1648 387 1696 sia
415 1647 604 1693 minime
637 1647 912 1705 dependere.

411 1720 434 1784 g
466 1721 556 1767 XV.
589 1720 720 1767 Licet
751 1721 800 1766 in
830 1721 1113 1778 praecedenti
1146 1720 1347 1779 capitulo
1390 1720 1603 1767 ducendo
1642 1721 1700 1767 ad
1729 1720 1957 1767 inconve-

320 1795 470 1852 nienS,
498 1800 736 1841 ostensum
756 1794 832 1851 sit,
849 1794 1176 1840 auctoritatem
1194 1793 1375 1852 imperii
1401 1794 1456 1840 ab
1481 1793 1760 1840 auctoritate
1784 1792 1955 1839 summi

324 1867 556 1926 pontificis
576 1881 669 1914 non
691 1867 866 1913 causari
878 1880 894 1924 ;
915 1879 1010 1912 non
1031 1872 1187 1913 tamen
1212 1867 1398 1914 omnino
1423 1868 1671 1926 probatum
1697 1873 1784 1925 est,
1810 1867 1968 1925 ipsam

324 1942 589 1987 immediate
615 1941 875 1999 dependere
903 1952 929 1986 a
959 1940 1072 1998 Dec,
1103 1940 1189 1987 nisi
1220 1953 1281 1987 ex
1312 1937 1629 1999 consequenti.
1654 1941 1959 2000 Consequens

325 2017 449 2062 enim
486 2022 571 2073 est,
605 2016 640 2062 si
681 2017 738 2062 ab
773 2016 870 2074 ipso
913 2015 995 2062 Dei
1027 2015 1202 2062 vicario
1234 2027 1328 2061 non
1360 2015 1607 2073 dependet,
1643 2015 1770 2074 quod
1800 2027 1826 2060 a
1857 2015 1955 2060 Deo

326 2092 569 2149 dependat.
611 2090 671 2136 Et
714 2090 816 2135 ideo
855 2089 913 2135 ad
959 2089 1212 2147 perfectam
1252 2088 1686 2135 determinationem
1718 2088 1956 2148 propositi,

325 2165 556 2212 ostensive
575 2164 865 2223 probandum
891 2168 976 2219 est,
1001 2162 1329 2221 imperatorem
1354 2162 1452 2210 sive
1473 2161 1636 2208 mundi
1661 2163 1959 2210 monarcham

325 2241 588 2286 immediate
619 2251 667 2285 se
698 2240 866 2286 habere
897 2239 955 2283 ad
981 2237 1237 2296 principem
1263 2236 1488 2294 universi,
1516 2237 1597 2296 qui
1621 2238 1749 2285 Deus
1775 2243 1861 2284 est.
1887 2238 1961 2284 Ad

329 2313 464 2372 hujus
495 2318 654 2359 autem
687 2311 1038 2369 intelligentiam
1062 2310 1320 2364 sciendum,
1352 2310 1476 2368 quod
1499 2310 1635 2357 homo
1657 2310 1781 2356 solus
1807 2310 1855 2355 in
1880 2322 1962 2356 en-

330 2390 454 2435 tibus
471 2394 600 2434 tenet
625 2387 830 2433 medium
856 2385 1229 2444 corruptibilium
1246 2390 1292 2431 et
1310 2384 1745 2442 incorruptibilium.
1764 2385 1961 2441 Propter

330 2465 455 2524 quod
484 2469 612 2511 recte
637 2476 664 2510 a
689 2461 963 2521 philosophis
986 2459 1264 2507 assimilatur
1288 2458 1530 2515 horizonti,
1556 2457 1637 2516 qui
1662 2462 1733 2503 est
1756 2456 1961 2503 medium

331 2540 530 2584 duorum
562 2534 1004 2594 hemisphaeriorum.
1039 2535 1153 2581 Nam
1181 2535 1331 2591 homo,
1363 2533 1401 2580 si
1435 2532 1756 2580 consideretur
1795 2542 1962 2577 secun-

331 2612 443 2657 dum
462 2616 709 2667 utramque
731 2598 909 2667 partem
935 2607 1241 2664 essentialem,
1266 2607 1444 2654 scilicet
1469 2606 1671 2653 animam
1696 2610 1743 2652 et
1766 2617 1935 2663 corpus
1946 2617 1964 2662 ;

335 2683 646 2742 corruptibilis
677 2688 761 2739 est,
788 2681 826 2728 si
852 2680 1172 2727 consideretur
1195 2685 1378 2727 tantum
1405 2679 1667 2726 secundum
1691 2690 1849 2734 unam,
1875 2677 1964 2724 sci-

262 2792 264 2795 *
333 2759 443 2804 licet
489 2757 746 2804 secundum
795 2767 995 2814 corpus3
1036 2753 1074 2800 si
1115 2765 1228 2800 vero
1258 2752 1517 2799 seeundum
1548 2751 1757 2808 alteram,
1787 2749 1968 2796 scilicet

330 2832 594 2879 seeundum
614 2831 829 2888 animam,
856 2827 1219 2886 incorruptibilis
1241 2832 1325 2874 est.
1353 2827 1550 2885 Propter
1573 2825 1698 2885 quod
1721 2825 1839 2872 bene
1866 2824 1965 2870 Phi·
