2054 3262
324 155 415 202 304
963 162 1108 199 Lmen
1138 162 1334 200 ramus.

416 253 438 315 ἓ
473 256 562 301 XV.
595 254 776 311 Adhuc,
806 254 880 299 ille
913 253 993 312 qui
1022 259 1173 311 potest
1206 265 1304 299 csse
1336 253 1508 312 optime
1539 254 1784 314 disposnus
1807 256 1867 302 ad
1889 269 1961 303 re-

321 330 546 386 gendum,
579 329 750 386 optime
782 328 890 373 alios
922 327 1164 384 dispo‘nere
1197 332 1362 385 potest.
1396 326 1510 372 Nam
1541 327 1591 372 in
1625 327 1750 373 omni
1780 327 1961 374 actione

327 401 641 459 principaliter
682 400 943 447 intenditur
982 401 1038 446 ab
1080 406 1260 457 agente,
1303 399 1402 446 sive
1454 400 1730 447 necessitate
1779 407 1961 447 naturae

321 475 425 521 sive
455 475 730 521 voluntarie
749 480 866 532 agat,
901 475 1132 532 propriam
1162 473 1511 519 similitudinem
1541 473 1772 530 explicare
1786 485 1803 531 3
1835 474 1960 520 unde

327 548 395 605 fit,
428 550 551 607 quod
576 561 710 594 omne
735 560 888 606 agenS,
906 549 953 593 in
978 553 1205 606 quantum
1225 546 1502 604 hujusmodi,
1528 545 1802 594 delectatur.
1830 548 1959 604 Quia,

326 634 435 666 cum
468 635 602 677 omne
627 622 751 680 quod
775 627 844 667 est
869 627 1053 679 appetat
1075 633 1211 666 suum
1238 633 1335 668 esse
1351 635 1365 677 3
1398 632 1453 667 ac
1482 619 1530 665 in
1559 621 1750 678 agendO,
1781 622 1960 679 agentis

326 705 423 738 esse
454 695 788 752 quodammodo
819 696 1079 752 amplietur,
1111 694 1326 751 sequitur
1369 694 1425 739 de
1457 693 1730 741 necessitate
1762 693 1960 740 delecta-

325 767 404 824 tio,
439 767 551 824 quia
593 767 835 813 delectatio
874 768 941 812 rei
983 767 1252 812 desideratae
1285 779 1469 824 semper
1498 767 1678 813 adnexa
1719 772 1804 813 est.
1842 766 1960 812 Nihil

325 841 466 897 igitur
497 841 606 898 agit,
640 841 726 885 nisi
758 841 845 886 tale
878 842 1097 897 existenS,
1130 841 1263 898 quale
1296 841 1474 899 patiens
1506 840 1607 886 fieri
1640 841 1792 887 debet.
1818 841 1961 899 Prop-

326 919 398 958 ter
430 915 554 971 quod
585 914 899 972 PhilosophuS,
933 915 979 959 in
1011 915 1063 960 iis
1093 926 1199 971 quae
1233 914 1288 959 de
1320 913 1590 971 simpliciter
1615 913 1767 959 Ente:
1803 914 1958 969 Omne,
1996 941 1998 943 -

324 987 489 1045 inquit,
520 989 638 1047 quod
662 990 903 1034 reducitur
929 989 981 1033 de
1001 990 1200 1045 potentia
1226 990 1276 1033 in
1302 991 1468 1044 actum,
1496 987 1737 1034 reducitur
1759 1000 1844 1046 per
1866 989 1959 1034 tale

316 1063 520 1106 existens
545 1066 683 1115 actu,·
717 1062 832 1120 quod
856 1063 897 1106 si
922 1064 1063 1107 aliter
1088 1061 1269 1120 aliquid
1293 1074 1428 1118 acere
1453 1065 1655 1117 conetur,
1681 1062 1866 1120 frustra
1888 1075 1959 1108 co-

321 1140 479 1180 natur.
515 1135 573 1180 Et
605 1134 679 1179 hic
711 1139 861 1191 potest
887 1133 1062 1178 destrui
1089 1144 1220 1177 error
1241 1133 1437 1190 illorum,
1469 1132 1548 1190 qui
1578 1133 1697 1178 bona
1728 1133 1959 1192 loquendo

324 1215 370 1255 et
402 1209 519 1254 mala
550 1208 798 1266 operandO,
842 1207 1039 1254 credunt
1080 1206 1190 1251 alios
1229 1206 1326 1252 vita
1369 1212 1415 1251 et
1446 1206 1652 1252 moribus
1682 1207 1958 1266 informare,

322 1296 415 1329 non
446 1284 761 1339 advertentes,
795 1283 919 1340 quod
949 1283 1052 1340 plus
1083 1287 1414 1339 persuaserunt
1445 1293 1609 1327 manus
1634 1281 1793 1339 Jacob,
1819 1294 1960 1339 quam

322 1359 481 1414 verba,
513 1357 620 1403 licet
653 1357 740 1401 illae
772 1356 951 1412 falsum,
978 1356 1049 1401 illa
1080 1368 1249 1402 verum
1274 1355 1624 1413 persuaderent.
1652 1356 1783 1402 Unde
1808 1356 1957 1402 Philo-

313 1431 489 1487 sophus
521 1431 575 1475 ad
605 1429 965 1475 Nicomachum:
999 1430 1067 1474 De
1090 1431 1149 1474 iis
1171 1430 1311 1485 enim,
1337 1428 1504 1487 inquit,
1533 1442 1632 1488 quoe
1657 1431 1708 1476 in
1734 1433 1959 1487 passioni-

319 1506 412 1561 bus,
436 1508 474 1549 et
501 1503 771 1556 actionibus,
797 1514 1024 1546 sermones
1043 1503 1199 1546 minus
1214 1506 1318 1547 sunt
1339 1501 1578 1547 credibiles
1599 1503 1821 1559 operibus.
1842 1503 1958 1549 Hinc

319 1577 456 1622 etiam
490 1576 729 1621 dicebatur
761 1574 817 1619 de
850 1574 963 1620 coelo
995 1574 1229 1631 peccatori
1260 1574 1437 1620 David:
1477 1576 1632 1629 Quare
1665 1578 1715 1622 tu
1753 1588 1957 1623 enarras

316 1651 517 1705 justitias
557 1649 719 1695 meas?
751 1648 880 1706 quasi
913 1647 1116 1693 diceret:
1168 1648 1370 1693 Frustra
1407 1648 1621 1706 loqueris,
1659 1660 1764 1694 cum
1802 1650 1952 1695 tusis

315 1726 445 1770 alius
480 1723 535 1769 ab
567 1736 614 1769 eo
650 1722 764 1781 quod
801 1723 1011 1781 loqueris.
1045 1720 1117 1766 Ex
1149 1720 1318 1778 quibus
1350 1719 1594 1777 colligitur,
1627 1719 1754 1778 quod
1782 1720 1955 1778 optime

318 1798 590 1855 dispositum
621 1809 718 1842 esse
749 1799 932 1852 oportet
964 1793 1136 1851 optime
1167 1792 1277 1838 alios
1309 1792 1552 1850 disponere
1582 1792 1832 1839 volentem.
1866 1793 1956 1840 Sed

316 1858 574 1915 monarcha
595 1869 717 1913 solus
748 1873 818 1912 est
848 1865 938 1923 ille,
970 1865 1048 1923 qui
1081 1870 1232 1922 potest
1264 1864 1434 1921 optime
1480 1876 1579 1911 esse
1618 1865 1865 1924 dispositus
1895 1867 1953 1913 ad

314 1943 604 1999 regendum:
639 1941 763 1998 quod
794 1940 860 1985 sic
891 1939 1166 1984 declaratur.
1202 1939 1501 1996 Unaquaeque
1523 1951 1600 1985 res
1625 1951 1680 1985 eo
1705 1939 1880 1986 facilius
1905 1946 1952 1986 et

319 2016 567 2076 perfectius
597 2017 654 2061 ad
683 2015 891 2060 habitum
923 2019 969 2059 et
1001 2013 1318 2072 operationem
1349 2013 1624 2071 disponitur,
1662 2025 1755 2072 quo
1797 2013 1952 2060 minus
2009 2006 2012 2007 ⁷

317 2093 365 2138 in
395 2105 447 2138 ea
478 2097 546 2136 est
580 2091 636 2135 de
669 2089 995 2135 contrarietate
1025 2087 1083 2132 ad
1114 2087 1252 2133 talem
1284 2087 1652 2144 dispositionem:
1683 2087 1810 2133 unde
1841 2087 1950 2134 saci-

317 2165 404 2211 lius
435 2170 481 2210 et
513 2163 763 2222 perfectius
795 2160 994 2208 veniunt
1025 2161 1083 2206 ad
1112 2161 1320 2207 habitum
1353 2161 1676 2219 philosophicae
1719 2160 1951 2217 veritatis,

312 2239 395 2298 qui
426 2238 537 2283 nihil
568 2248 775 2294 unquam
799 2235 1101 2291 audiverunt,
1126 2247 1265 2292 quam
1296 2235 1376 2293 qui
1399 2236 1682 2282 audiverunt
1713 2247 1950 2293 perversa,

316 2321 362 2361 et
394 2314 514 2360 salsis
547 2311 838 2370 opinionibus
868 2310 1031 2355 imhuti
1065 2315 1188 2355 sunt.
1219 2310 1416 2368 Propter
1437 2310 1574 2368 „quod
1598 2310 1715 2356 hene
1751 2309 1953 2357 Galenus-

310 2388 493 2447 inquit:
535 2388 666 2433 Tales
691 2385 869 2441 duplici
894 2388 1091 2441 tempore
1116 2384 1323 2442 indicere
1347 2384 1407 2429 ad
1430 2386 1672 2429 scientiam
1707 2385 1950 2443 acquiren-

315 2464 435 2508 dam.
456 2461 570 2506 Cum
588 2471 696 2516 ergo
720 2458 966 2503 monarcha
992 2458 1164 2503 nullam
1188 2458 1452 2516 cupiditatis
1471 2457 1756 2503 occasionem
1781 2457 1950 2504 habere

310 2534 474 2594 possit,
514 2531 591 2579 vel
630 2530 791 2576 saltem
833 2529 1070 2574 minimam
1105 2530 1229 2575 inter
1264 2531 1496 2588 mortaleS,
1526 2535 1581 2577 ut
1623 2529 1836 2588 superius
1875 2536 1946 2576 est

314 2611 565 2661 ostensum,
583 2601 708 2661 quod
724 2602 906 2655 caeteris
931 2602 1216 2659 principibus
1240 2603 1495 2661 contingit:
1530 2608 1576 2649 et
1600 2602 1828 2661 cupiditas
1852 2602 1946 2660 ipsa

306 2679 405 2725 -sola
428 2677 486 2723 sit
514 2675 781 2733 corruptiva
807 2673 984 2731 judicii,
1013 2681 1058 2719 et
1080 2673 1272 2731 justitiae
1298 2675 1631 2733 praepeditiva:
1660 2687 1949 2734 consequens

312 2758 400 2808 est,
434 2750 558 2808 quod
590 2749 685 2807 ipse
715 2748 791 2796 vel
822 2746 1010 2793 omnino
1046 2747 1122 2794 vel
1148 2748 1347 2793 maxime
1379 2749 1496 2795 bene
1522 2748 1768 2806 dispositus
1791 2749 1851 2795 ad
1875 2762 1948 2796 re-

315 2825 520 2882 gendum
550 2835 647 2869 esse
680 2827 849 2881 potest,
880 2822 986 2880 quia
1016 2821 1141 2868 inter
1173 2827 1367 2868 caeteros
1391 2820 1620 2879 judicium
1651 2827 1698 2868 et
1719 2820 1947 2880 justitiam

312 2898 548 2958 potissime
579 2897 747 2943 habere
778 2900 944 2955 potest.
970 2895 1082 2952 Quze
1116 2895 1207 2942 duo
1233 2894 1610 2954 principalissime
1634 2895 1879 2955 legislatori
1898 2902 1946 2943 et
