<?xml version="1.0" encoding="UTF-8"?>
<!DOCTYPE html PUBLIC "-//W3C//DTD XHTML 1.0 Transitional//EN"
    "http://www.w3.org/TR/xhtml1/DTD/xhtml1-transitional.dtd">
<html xmlns="http://www.w3.org/1999/xhtml" xml:lang="en" lang="en">
 <head>
  <title>
</title>
<meta http-equiv="Content-Type" content="text/html;charset=utf-8" />
  <meta name='ocr-system' content='tesseract 3.04.00' />
  <meta name='ocr-capabilities' content='ocr_page ocr_carea ocr_par ocr_line ocrx_word'/>
</head>
<body>
  <div class='ocr_page' id='page_1' title='image "./opereminori02dantuoft_0308.png"; bbox 0 0 2054 3262; ppageno 0'>
   <div class='ocr_carea' id='block_1_1' title="bbox 287 170 1275 216">
    <p class='ocr_par' dir='ltr' id='par_1_1' title="bbox 287 170 1275 216">
     <span class='ocr_line' id='line_1_1' title="bbox 287 170 1275 216; baseline -0.002 0"><span class='ocrx_word' id='word_1_1' title='bbox 287 170 376 216; x_wconf 74' lang='lat'>298</span> <span class='ocrx_word' id='word_1_2' title='bbox 910 176 1053 213; x_wconf 74' lang='lat' dir='ltr'>LIBER</span> <span class='ocrx_word' id='word_1_3' title='bbox 1080 175 1275 214; x_wconf 47' lang='lat' dir='ltr'>PRIMUS.</span> 
     </span>
    </p>
   </div>
   <div class='ocr_carea' id='block_1_2' title="bbox 268 270 1904 844">
    <p class='ocr_par' dir='ltr' id='par_1_2' title="bbox 268 270 1904 844">
     <span class='ocr_line' id='line_1_2' title="bbox 268 270 1900 339; baseline 0.001 -21"><span class='ocrx_word' id='word_1_4' title='bbox 268 284 380 339; x_wconf 41' lang='lat' dir='ltr'>‘que</span> <span class='ocrx_word' id='word_1_5' title='bbox 409 270 666 329; x_wconf 68' lang='lat' dir='ltr'>jurisdictio</span> <span class='ocrx_word' id='word_1_6' title='bbox 693 271 968 318; x_wconf 88' lang='lat' dir='ltr'>terminatur</span> <span class='ocrx_word' id='word_1_7' title='bbox 991 284 1161 318; x_wconf 87' lang='lat' dir='ltr'>oceano</span> <span class='ocrx_word' id='word_1_8' title='bbox 1192 271 1339 318; x_wconf 92' lang='lat' dir='ltr'>solum</span> <span class='ocrx_word' id='word_1_9' title='bbox 1354 285 1370 329; x_wconf 99' lang='lat'>3</span> <span class='ocrx_word' id='word_1_10' title='bbox 1404 272 1530 330; x_wconf 81' lang='lat' dir='ltr'>quod</span> <span class='ocrx_word' id='word_1_11' title='bbox 1552 285 1647 319; x_wconf 90' lang='lat' dir='ltr'>non</span> <span class='ocrx_word' id='word_1_12' title='bbox 1678 272 1900 330; x_wconf 85' lang='lat' dir='ltr'>contingit</span> 
     </span>
     <span class='ocr_line' id='line_1_3' title="bbox 289 345 1900 403; baseline 0.001 -13"><span class='ocrx_word' id='word_1_13' title='bbox 289 345 575 403; x_wconf 89' lang='lat' dir='ltr'>principibus</span> <span class='ocrx_word' id='word_1_14' title='bbox 604 345 716 400; x_wconf 88' lang='lat' dir='ltr'>aliis,</span> <span class='ocrx_word' id='word_1_15' title='bbox 743 356 940 402; x_wconf 90' lang='lat' dir='ltr'>quorum</span> <span class='ocrx_word' id='word_1_16' title='bbox 973 345 1255 403; x_wconf 83' lang='lat' dir='ltr'>principatus</span> <span class='ocrx_word' id='word_1_17' title='bbox 1279 346 1337 390; x_wconf 90' lang='lat' dir='ltr'>ad</span> <span class='ocrx_word' id='word_1_18' title='bbox 1362 345 1470 391; x_wconf 90' lang='lat' dir='ltr'>alios</span> <span class='ocrx_word' id='word_1_19' title='bbox 1500 345 1822 403; x_wconf 83' lang='lat' dir='ltr'><strong>terminantur,</strong></span> <span class='ocrx_word' id='word_1_20' title='bbox 1846 350 1900 391; x_wconf 89' lang='lat' dir='ltr'>ut</span> 
     </span>
     <span class='ocr_line' id='line_1_4' title="bbox 289 418 1904 479; baseline -0.001 -13"><span class='ocrx_word' id='word_1_21' title='bbox 289 426 401 479; x_wconf 88' lang='lat' dir='ltr'>puta</span> <span class='ocrx_word' id='word_1_22' title='bbox 431 420 552 477; x_wconf 83' lang='lat' dir='ltr'>regis</span> <span class='ocrx_word' id='word_1_23' title='bbox 588 419 792 466; x_wconf 86' lang='lat' dir='ltr'>Castellae</span> <span class='ocrx_word' id='word_1_24' title='bbox 817 420 873 465; x_wconf 93' lang='lat' dir='ltr'>ad</span> <span class='ocrx_word' id='word_1_25' title='bbox 901 420 1030 466; x_wconf 92' lang='lat' dir='ltr'>illum</span> <span class='ocrx_word' id='word_1_26' title='bbox 1056 421 1135 477; x_wconf 90' lang='lat' dir='ltr'>qui</span> <span class='ocrx_word' id='word_1_27' title='bbox 1164 420 1284 478; x_wconf 84' lang='lat' dir='ltr'>regis</span> <span class='ocrx_word' id='word_1_28' title='bbox 1319 420 1594 476; x_wconf 84' lang='lat' dir='ltr'>Aragonum.</span> <span class='ocrx_word' id='word_1_29' title='bbox 1616 418 1690 464; x_wconf 80' lang='lat' dir='ltr'>Ex</span> <span class='ocrx_word' id='word_1_30' title='bbox 1712 430 1805 476; x_wconf 90' lang='lat' dir='ltr'>quo</span> <span class='ocrx_word' id='word_1_31' title='bbox 1834 430 1904 464; x_wconf 89' lang='lat' dir='ltr'>se-</span> 
     </span>
     <span class='ocr_line' id='line_1_5' title="bbox 289 489 1902 550; baseline -0.002 -12"><span class='ocrx_word' id='word_1_32' title='bbox 289 492 466 550; x_wconf 88' lang='lat' dir='ltr'>quitur,</span> <span class='ocrx_word' id='word_1_33' title='bbox 492 492 616 550; x_wconf 89' lang='lat' dir='ltr'>quod</span> <span class='ocrx_word' id='word_1_34' title='bbox 650 492 893 539; x_wconf 91' lang='lat' dir='ltr'>monarcha</span> <span class='ocrx_word' id='word_1_35' title='bbox 927 493 1285 539; x_wconf 89' lang='lat' dir='ltr'>sincerissimum</span> <span class='ocrx_word' id='word_1_36' title='bbox 1317 493 1439 538; x_wconf 90' lang='lat' dir='ltr'>inter</span> <span class='ocrx_word' id='word_1_37' title='bbox 1467 491 1683 537; x_wconf 81' lang='lat' dir='ltr'>mortales</span> <span class='ocrx_word' id='word_1_38' title='bbox 1709 489 1902 548; x_wconf 86' lang='lat' dir='ltr'>justitiae</span> 
     </span>
     <span class='ocr_line' id='line_1_6' title="bbox 289 565 1899 625; baseline -0.001 -12"><span class='ocrx_word' id='word_1_39' title='bbox 289 568 430 624; x_wconf 83' lang='lat' dir='ltr'>possit</span> <span class='ocrx_word' id='word_1_40' title='bbox 456 579 553 612; x_wconf 88' lang='lat' dir='ltr'>csse</span> <span class='ocrx_word' id='word_1_41' title='bbox 578 567 850 624; x_wconf 83' lang='lat' dir='ltr'>subjectum.</span> <span class='ocrx_word' id='word_1_42' title='bbox 887 568 1136 624; x_wconf 81' lang='lat' dir='ltr'>Praeterea,</span> <span class='ocrx_word' id='word_1_43' title='bbox 1167 566 1552 625; x_wconf 76' lang='lat' dir='ltr'>quemadmodum</span> <span class='ocrx_word' id='word_1_44' title='bbox 1577 565 1802 623; x_wconf 82' lang='lat' dir='ltr'>cupiditas</span> <span class='ocrx_word' id='word_1_45' title='bbox 1826 565 1899 611; x_wconf 86' lang='lat' dir='ltr'>ha-</span> 
     </span>
     <span class='ocr_line' id='line_1_7' title="bbox 288 637 1903 698; baseline -0.002 -12"><span class='ocrx_word' id='word_1_46' title='bbox 288 641 508 686; x_wconf 89' lang='lat' dir='ltr'>bitualem</span> <span class='ocrx_word' id='word_1_47' title='bbox 524 640 748 698; x_wconf 89' lang='lat' dir='ltr'>justitiam</span> <span class='ocrx_word' id='word_1_48' title='bbox 770 641 1115 698; x_wconf 90' lang='lat' dir='ltr'>quodammodo,</span> <span class='ocrx_word' id='word_1_49' title='bbox 1133 646 1562 698; x_wconf 91' lang='lat' dir='ltr'>quantumcumque</span> <span class='ocrx_word' id='word_1_50' title='bbox 1577 651 1740 697; x_wconf 87' lang='lat' dir='ltr'>pauca,</span> <span class='ocrx_word' id='word_1_51' title='bbox 1757 637 1903 683; x_wconf 85' lang='lat' dir='ltr'>obnu-</span> 
     </span>
     <span class='ocr_line' id='line_1_8' title="bbox 289 708 1903 769; baseline -0.003 -11"><span class='ocrx_word' id='word_1_52' title='bbox 289 713 425 769; x_wconf 86' lang='lat' dir='ltr'>bilat3</span> <span class='ocrx_word' id='word_1_53' title='bbox 451 714 517 759; x_wconf 89' lang='lat' dir='ltr'>sic</span> <span class='ocrx_word' id='word_1_54' title='bbox 543 713 750 769; x_wconf 82' lang='lat' dir='ltr'>charitaS,</span> <span class='ocrx_word' id='word_1_55' title='bbox 777 725 858 758; x_wconf 90' lang='lat' dir='ltr'>seu</span> <span class='ocrx_word' id='word_1_56' title='bbox 882 719 1009 759; x_wconf 89' lang='lat' dir='ltr'>recta</span> <span class='ocrx_word' id='word_1_57' title='bbox 1034 713 1231 768; x_wconf 85' lang='lat' dir='ltr'>dilectiO,</span> <span class='ocrx_word' id='word_1_58' title='bbox 1265 712 1386 756; x_wconf 90' lang='lat' dir='ltr'>illam</span> <span class='ocrx_word' id='word_1_59' title='bbox 1408 712 1533 757; x_wconf 85' lang='lat' dir='ltr'>acuit</span> <span class='ocrx_word' id='word_1_60' title='bbox 1568 716 1707 768; x_wconf 89' lang='lat' dir='ltr'>atque</span> <span class='ocrx_word' id='word_1_61' title='bbox 1743 708 1903 755; x_wconf 79' lang='lat' dir='ltr'>diluci-</span> 
     </span>
     <span class='ocr_line' id='line_1_9' title="bbox 291 783 1903 844; baseline -0.002 -13"><span class='ocrx_word' id='word_1_62' title='bbox 291 787 381 832; x_wconf 90' lang='lat' dir='ltr'>dat.</span> <span class='ocrx_word' id='word_1_63' title='bbox 412 786 495 833; x_wconf 93' lang='lat' dir='ltr'>Cui</span> <span class='ocrx_word' id='word_1_64' title='bbox 527 799 633 844; x_wconf 83' lang='lat' dir='ltr'>ergo</span> <span class='ocrx_word' id='word_1_65' title='bbox 656 788 855 833; x_wconf 79' lang='lat' dir='ltr'>maxime</span> <span class='ocrx_word' id='word_1_66' title='bbox 879 793 1004 833; x_wconf 84' lang='lat' dir='ltr'>recta</span> <span class='ocrx_word' id='word_1_67' title='bbox 1035 786 1216 832; x_wconf 88' lang='lat' dir='ltr'>dilectio</span> <span class='ocrx_word' id='word_1_68' title='bbox 1240 785 1385 830; x_wconf 89' lang='lat' dir='ltr'>inesse</span> <span class='ocrx_word' id='word_1_69' title='bbox 1419 790 1588 842; x_wconf 88' lang='lat' dir='ltr'>potest,</span> <span class='ocrx_word' id='word_1_70' title='bbox 1613 783 1903 842; x_wconf 87' lang='lat' dir='ltr'>potissimum</span> 
     </span>
    </p>
   </div>
   <div class='ocr_carea' id='block_1_3' title="bbox 287 855 1982 916">
    <p class='ocr_par' dir='ltr' id='par_1_3' title="bbox 287 855 1982 916">
     <span class='ocr_line' id='line_1_10' title="bbox 287 855 1982 916; baseline -0.001 -13"><span class='ocrx_word' id='word_1_71' title='bbox 287 858 443 904; x_wconf 88' lang='lat' dir='ltr'>locum</span> <span class='ocrx_word' id='word_1_72' title='bbox 467 859 515 903; x_wconf 89' lang='lat' dir='ltr'>in</span> <span class='ocrx_word' id='word_1_73' title='bbox 537 858 614 904; x_wconf 89' lang='lat' dir='ltr'>illo</span> <span class='ocrx_word' id='word_1_74' title='bbox 638 864 787 916; x_wconf 87' lang='lat' dir='ltr'>potest</span> <span class='ocrx_word' id='word_1_75' title='bbox 812 859 977 904; x_wconf 88' lang='lat' dir='ltr'>habere</span> <span class='ocrx_word' id='word_1_76' title='bbox 1009 857 1214 914; x_wconf 87' lang='lat' dir='ltr'>justitia:</span> <span class='ocrx_word' id='word_1_77' title='bbox 1251 855 1511 913; x_wconf 90' lang='lat' dir='ltr'>hujusmodi</span> <span class='ocrx_word' id='word_1_78' title='bbox 1536 862 1603 902; x_wconf 89' lang='lat' dir='ltr'>est</span> <span class='ocrx_word' id='word_1_79' title='bbox 1627 857 1902 903; x_wconf 87' lang='lat' dir='ltr'>monarcha:</span> <span class='ocrx_word' id='word_1_80' title='bbox 1980 910 1982 913; x_wconf 84' lang='lat'>.</span> 
     </span>
    </p>
   </div>
   <div class='ocr_carea' id='block_1_4' title="bbox 239 927 1935 2522">
    <p class='ocr_par' dir='ltr' id='par_1_4' title="bbox 239 927 1935 2522">
     <span class='ocr_line' id='line_1_11' title="bbox 288 927 1905 988; baseline 0.001 -15"><span class='ocrx_word' id='word_1_81' title='bbox 288 941 395 986; x_wconf 82' lang='lat' dir='ltr'>ergo</span> <span class='ocrx_word' id='word_1_82' title='bbox 421 941 473 974; x_wconf 90' lang='lat' dir='ltr'>eo</span> <span class='ocrx_word' id='word_1_83' title='bbox 498 930 740 987; x_wconf 83' lang='lat' dir='ltr'>existente,</span> <span class='ocrx_word' id='word_1_84' title='bbox 760 930 937 988; x_wconf 87' lang='lat' dir='ltr'>justitia</span> <span class='ocrx_word' id='word_1_85' title='bbox 962 929 1193 987; x_wconf 87' lang='lat' dir='ltr'>potissima</span> <span class='ocrx_word' id='word_1_86' title='bbox 1218 934 1303 985; x_wconf 90' lang='lat' dir='ltr'>est,</span> <span class='ocrx_word' id='word_1_87' title='bbox 1336 928 1414 975; x_wconf 85' lang='lat' dir='ltr'>vel</span> <span class='ocrx_word' id='word_1_88' title='bbox 1450 940 1547 974; x_wconf 84' lang='lat' dir='ltr'>esse</span> <span class='ocrx_word' id='word_1_89' title='bbox 1571 934 1739 986; x_wconf 87' lang='lat' dir='ltr'>potest.</span> <span class='ocrx_word' id='word_1_90' title='bbox 1773 927 1905 984; x_wconf 87' lang='lat' dir='ltr'>Quod</span> 
     </span>
     <span class='ocr_line' id='line_1_12' title="bbox 287 1003 1901 1062; baseline 0.002 -15"><span class='ocrx_word' id='word_1_91' title='bbox 287 1009 443 1047; x_wconf 86' lang='lat' dir='ltr'>autem</span> <span class='ocrx_word' id='word_1_92' title='bbox 468 1010 596 1050; x_wconf 85' lang='lat' dir='ltr'>recta</span> <span class='ocrx_word' id='word_1_93' title='bbox 621 1005 803 1052; x_wconf 89' lang='lat' dir='ltr'>dilectio</span> <span class='ocrx_word' id='word_1_94' title='bbox 827 1005 961 1051; x_wconf 81' lang='lat' dir='ltr'>faciat</span> <span class='ocrx_word' id='word_1_95' title='bbox 982 1006 1105 1062; x_wconf 89' lang='lat' dir='ltr'>quod</span> <span class='ocrx_word' id='word_1_96' title='bbox 1131 1004 1307 1049; x_wconf 90' lang='lat' dir='ltr'>dictum</span> <span class='ocrx_word' id='word_1_97' title='bbox 1333 1008 1418 1058; x_wconf 90' lang='lat' dir='ltr'>est,</span> <span class='ocrx_word' id='word_1_98' title='bbox 1434 1003 1541 1049; x_wconf 90' lang='lat' dir='ltr'>hinc</span> <span class='ocrx_word' id='word_1_99' title='bbox 1556 1003 1713 1050; x_wconf 86' lang='lat' dir='ltr'>haberi</span> <span class='ocrx_word' id='word_1_100' title='bbox 1735 1009 1901 1062; x_wconf 88' lang='lat' dir='ltr'>potest.</span> 
     </span>
     <span class='ocr_line' id='line_1_13' title="bbox 286 1075 1903 1135; baseline 0.001 -14"><span class='ocrx_word' id='word_1_101' title='bbox 286 1075 523 1135; x_wconf 84' lang='lat' dir='ltr'>Cupiditas</span> <span class='ocrx_word' id='word_1_102' title='bbox 562 1091 777 1135; x_wconf 88' lang='lat' dir='ltr'>namque,</span> <span class='ocrx_word' id='word_1_103' title='bbox 810 1079 1028 1124; x_wconf 86' lang='lat' dir='ltr'>societate</span> <span class='ocrx_word' id='word_1_104' title='bbox 1062 1078 1297 1123; x_wconf 91' lang='lat' dir='ltr'>hominum</span> <span class='ocrx_word' id='word_1_105' title='bbox 1323 1083 1492 1135; x_wconf 90' lang='lat' dir='ltr'>spreta,</span> <span class='ocrx_word' id='word_1_106' title='bbox 1529 1077 1697 1134; x_wconf 81' lang='lat' dir='ltr'>quaerit</span> <span class='ocrx_word' id='word_1_107' title='bbox 1726 1077 1871 1123; x_wconf 89' lang='lat' dir='ltr'>aliena</span> <span class='ocrx_word' id='word_1_108' title='bbox 1887 1091 1903 1134; x_wconf 96' lang='lat'>3</span> 
     </span>
     <span class='ocr_line' id='line_1_14' title="bbox 290 1149 1935 1208; baseline -0.001 -13"><span class='ocrx_word' id='word_1_109' title='bbox 290 1149 485 1195; x_wconf 85' lang='lat' dir='ltr'>charitas</span> <span class='ocrx_word' id='word_1_110' title='bbox 506 1163 636 1207; x_wconf 86' lang='lat' dir='ltr'>vero,</span> <span class='ocrx_word' id='word_1_111' title='bbox 662 1151 826 1208; x_wconf 91' lang='lat' dir='ltr'>spretis</span> <span class='ocrx_word' id='word_1_112' title='bbox 850 1150 945 1195; x_wconf 89' lang='lat' dir='ltr'>aliis</span> <span class='ocrx_word' id='word_1_113' title='bbox 975 1150 1203 1205; x_wconf 88' lang='lat' dir='ltr'>omnihus,</span> <span class='ocrx_word' id='word_1_114' title='bbox 1225 1150 1393 1206; x_wconf 74' lang='lat' dir='ltr'>quaerit</span> <span class='ocrx_word' id='word_1_115' title='bbox 1419 1150 1568 1195; x_wconf 91' lang='lat' dir='ltr'>Deum</span> <span class='ocrx_word' id='word_1_116' title='bbox 1593 1155 1638 1196; x_wconf 91' lang='lat' dir='ltr'>et</span> <span class='ocrx_word' id='word_1_117' title='bbox 1658 1150 1906 1208; x_wconf 89' lang='lat' dir='ltr'>hominem,</span> <span class='ocrx_word' id='word_1_118' title='bbox 1931 1181 1935 1193; x_wconf 83' lang='grc'><strong>.</strong></span> 
     </span>
     <span class='ocr_line' id='line_1_15' title="bbox 286 1222 1905 1280; baseline 0.002 -13"><span class='ocrx_word' id='word_1_119' title='bbox 286 1228 336 1268; x_wconf 87' lang='lat' dir='ltr'>et</span> <span class='ocrx_word' id='word_1_120' title='bbox 361 1235 443 1280; x_wconf 89' lang='lat' dir='ltr'>per</span> <span class='ocrx_word' id='word_1_121' title='bbox 465 1235 750 1280; x_wconf 89' lang='lat' dir='ltr'>consequens</span> <span class='ocrx_word' id='word_1_122' title='bbox 774 1224 947 1268; x_wconf 87' lang='lat' dir='ltr'>bonum</span> <span class='ocrx_word' id='word_1_123' title='bbox 970 1223 1177 1268; x_wconf 71' lang='lat' dir='ltr'>hominis</span> <span class='ocrx_word' id='word_1_124' title='bbox 1204 1222 1411 1280; x_wconf 80' lang='lat' dir='ltr'>Cumque</span> <span class='ocrx_word' id='word_1_125' title='bbox 1431 1223 1556 1269; x_wconf 89' lang='lat' dir='ltr'>inter</span> <span class='ocrx_word' id='word_1_126' title='bbox 1578 1223 1663 1269; x_wconf 87' lang='lat' dir='ltr'>alia</span> <span class='ocrx_word' id='word_1_127' title='bbox 1687 1225 1805 1270; x_wconf 84' lang='lat' dir='ltr'>hona</span> <span class='ocrx_word' id='word_1_128' title='bbox 1826 1225 1905 1270; x_wconf 91' lang='lat' dir='ltr'>ho-</span> 
     </span>
     <span class='ocr_line' id='line_1_16' title="bbox 288 1296 1904 1358; baseline 0.003 -19"><span class='ocrx_word' id='word_1_129' title='bbox 288 1296 424 1341; x_wconf 90' lang='lat' dir='ltr'>minis</span> <span class='ocrx_word' id='word_1_130' title='bbox 448 1298 736 1354; x_wconf 86' lang='lat' dir='ltr'>potissimum</span> <span class='ocrx_word' id='word_1_131' title='bbox 767 1299 825 1343; x_wconf 90' lang='lat' dir='ltr'>sit</span> <span class='ocrx_word' id='word_1_132' title='bbox 864 1298 911 1342; x_wconf 92' lang='lat' dir='ltr'>in</span> <span class='ocrx_word' id='word_1_133' title='bbox 935 1310 1048 1355; x_wconf 88' lang='lat' dir='ltr'>pace</span> <span class='ocrx_word' id='word_1_134' title='bbox 1073 1297 1235 1344; x_wconf 87' lang='lat' dir='ltr'>vivere</span> <span class='ocrx_word' id='word_1_135' title='bbox 1268 1296 1342 1355; x_wconf 91' lang='lat' dir='ltr'>(ut</span> <span class='ocrx_word' id='word_1_136' title='bbox 1377 1298 1827 1358; x_wconf 13' lang='lat' dir='ltr'>supravdicebatur),</span> <span class='ocrx_word' id='word_1_137' title='bbox 1858 1306 1904 1344; x_wconf 90' lang='lat' dir='ltr'>et</span> 
     </span>
     <span class='ocr_line' id='line_1_17' title="bbox 286 1369 1903 1428; baseline 0.003 -15"><span class='ocrx_word' id='word_1_138' title='bbox 286 1369 372 1414; x_wconf 90' lang='lat' dir='ltr'>hoc</span> <span class='ocrx_word' id='word_1_139' title='bbox 389 1375 606 1426; x_wconf 88' lang='lat' dir='ltr'>operetur</span> <span class='ocrx_word' id='word_1_140' title='bbox 629 1371 828 1415; x_wconf 80' lang='lat' dir='ltr'>maxime</span> <span class='ocrx_word' id='word_1_141' title='bbox 849 1375 986 1428; x_wconf 87' lang='lat' dir='ltr'>atque</span> <span class='ocrx_word' id='word_1_142' title='bbox 1011 1371 1243 1428; x_wconf 82' lang='lat' dir='ltr'>potissime</span> <span class='ocrx_word' id='word_1_143' title='bbox 1262 1370 1464 1427; x_wconf 88' lang='lat' dir='ltr'>justitia:</span> <span class='ocrx_word' id='word_1_144' title='bbox 1490 1371 1684 1418; x_wconf 86' lang='lat' dir='ltr'>charitas</span> <span class='ocrx_word' id='word_1_145' title='bbox 1705 1371 1903 1418; x_wconf 82' lang='lat' dir='ltr'>maxime</span> 
     </span>
     <span class='ocr_line' id='line_1_18' title="bbox 278 1437 1906 1501; baseline 0.003 -15"><span class='ocrx_word' id='word_1_146' title='bbox 278 1441 505 1498; x_wconf 83' lang='lat' dir='ltr'>justitiam</span> <span class='ocrx_word' id='word_1_147' title='bbox 529 1442 769 1500; x_wconf 82' lang='lat' dir='ltr'>vigorabit,</span> <span class='ocrx_word' id='word_1_148' title='bbox 796 1437 842 1488; x_wconf 86' lang='lat' dir='ltr'>et</span> <span class='ocrx_word' id='word_1_149' title='bbox 867 1444 1017 1500; x_wconf 89' lang='lat' dir='ltr'>potior</span> <span class='ocrx_word' id='word_1_150' title='bbox 1041 1443 1206 1500; x_wconf 80' lang='lat' dir='ltr'>potius,</span> <span class='ocrx_word' id='word_1_151' title='bbox 1240 1443 1299 1489; x_wconf 93' lang='lat' dir='ltr'>Et</span> <span class='ocrx_word' id='word_1_152' title='bbox 1324 1444 1450 1501; x_wconf 90' lang='lat' dir='ltr'>quod</span> <span class='ocrx_word' id='word_1_153' title='bbox 1473 1444 1736 1490; x_wconf 60' lang='lat' dir='ltr'>monarchae</span> <span class='ocrx_word' id='word_1_154' title='bbox 1762 1445 1906 1491; x_wconf 81' lang='lat' dir='ltr'>maxi-</span> 
     </span>
     <span class='ocr_line' id='line_1_19' title="bbox 287 1516 1905 1576; baseline 0.002 -16"><span class='ocrx_word' id='word_1_155' title='bbox 287 1528 361 1561; x_wconf 91' lang='lat' dir='ltr'>me</span> <span class='ocrx_word' id='word_1_156' title='bbox 392 1516 630 1561; x_wconf 88' lang='lat' dir='ltr'>hominum</span> <span class='ocrx_word' id='word_1_157' title='bbox 654 1522 781 1561; x_wconf 87' lang='lat' dir='ltr'>recta</span> <span class='ocrx_word' id='word_1_158' title='bbox 813 1516 995 1563; x_wconf 89' lang='lat' dir='ltr'>dilectio</span> <span class='ocrx_word' id='word_1_159' title='bbox 1028 1517 1174 1562; x_wconf 89' lang='lat' dir='ltr'>inesse</span> <span class='ocrx_word' id='word_1_160' title='bbox 1200 1517 1378 1573; x_wconf 86' lang='lat' dir='ltr'>debeat,</span> <span class='ocrx_word' id='word_1_161' title='bbox 1403 1523 1529 1576; x_wconf 87' lang='lat' dir='ltr'>patet</span> <span class='ocrx_word' id='word_1_162' title='bbox 1553 1518 1632 1564; x_wconf 88' lang='lat' dir='ltr'>sic.</span> <span class='ocrx_word' id='word_1_163' title='bbox 1666 1517 1812 1564; x_wconf 87' lang='lat' dir='ltr'>Omne</span> <span class='ocrx_word' id='word_1_164' title='bbox 1839 1517 1905 1563; x_wconf 92' lang='lat' dir='ltr'>di-</span> 
     </span>
     <span class='ocr_line' id='line_1_20' title="bbox 285 1589 1904 1648; baseline 0.002 -15"><span class='ocrx_word' id='word_1_165' title='bbox 285 1590 451 1646; x_wconf 81' lang='lat' dir='ltr'>ligibile</span> <span class='ocrx_word' id='word_1_166' title='bbox 483 1595 612 1634; x_wconf 88' lang='lat' dir='ltr'>tanto</span> <span class='ocrx_word' id='word_1_167' title='bbox 642 1589 783 1646; x_wconf 81' lang='lat' dir='ltr'>magis</span> <span class='ocrx_word' id='word_1_168' title='bbox 814 1589 1030 1646; x_wconf 81' lang='lat' dir='ltr'>diligitur,</span> <span class='ocrx_word' id='word_1_169' title='bbox 1056 1596 1228 1647; x_wconf 89' lang='lat' dir='ltr'>quanto</span> <span class='ocrx_word' id='word_1_170' title='bbox 1257 1591 1559 1648; x_wconf 86' lang='lat' dir='ltr'>propinquius</span> <span class='ocrx_word' id='word_1_171' title='bbox 1592 1596 1661 1637; x_wconf 88' lang='lat' dir='ltr'>est</span> <span class='ocrx_word' id='word_1_172' title='bbox 1686 1591 1904 1648; x_wconf 84' lang='lat' dir='ltr'>diligenti.</span> 
     </span>
     <span class='ocr_line' id='line_1_21' title="bbox 287 1663 1909 1723; baseline 0.001 -15"><span class='ocrx_word' id='word_1_173' title='bbox 287 1663 377 1708; x_wconf 88' lang='lat' dir='ltr'>Sed</span> <span class='ocrx_word' id='word_1_174' title='bbox 401 1663 606 1708; x_wconf 90' lang='lat' dir='ltr'>homines</span> <span class='ocrx_word' id='word_1_175' title='bbox 629 1663 930 1720; x_wconf 87' lang='lat' dir='ltr'>propinquius</span> <span class='ocrx_word' id='word_1_176' title='bbox 954 1663 1214 1709; x_wconf 79' lang='lat' dir='ltr'>monarchae</span> <span class='ocrx_word' id='word_1_177' title='bbox 1239 1670 1365 1720; x_wconf 85' lang='lat' dir='ltr'>sunt,</span> <span class='ocrx_word' id='word_1_178' title='bbox 1392 1676 1530 1722; x_wconf 87' lang='lat' dir='ltr'>quam</span> <span class='ocrx_word' id='word_1_179' title='bbox 1566 1664 1663 1710; x_wconf 86' lang='lat' dir='ltr'>aliis</span> <span class='ocrx_word' id='word_1_180' title='bbox 1694 1664 1909 1723; x_wconf 85' lang='lat' dir='ltr'>principi-</span> 
     </span>
     <span class='ocr_line' id='line_1_22' title="bbox 287 1735 1904 1793; baseline -0.001 -11"><span class='ocrx_word' id='word_1_181' title='bbox 287 1737 400 1782; x_wconf 87' lang='lat' dir='ltr'>bus:</span> <span class='ocrx_word' id='word_1_182' title='bbox 429 1749 537 1793; x_wconf 83' lang='lat' dir='ltr'>ergo</span> <span class='ocrx_word' id='word_1_183' title='bbox 562 1736 619 1781; x_wconf 89' lang='lat' dir='ltr'>ab</span> <span class='ocrx_word' id='word_1_184' title='bbox 651 1749 705 1782; x_wconf 89' lang='lat' dir='ltr'>eo</span> <span class='ocrx_word' id='word_1_185' title='bbox 742 1735 942 1781; x_wconf 84' lang='lat' dir='ltr'>maxime</span> <span class='ocrx_word' id='word_1_186' title='bbox 978 1735 1249 1792; x_wconf 79' lang='lat' dir='ltr'>diliguntur,</span> <span class='ocrx_word' id='word_1_187' title='bbox 1285 1735 1360 1781; x_wconf 87' lang='lat' dir='ltr'>vel</span> <span class='ocrx_word' id='word_1_188' title='bbox 1392 1735 1511 1792; x_wconf 84' lang='lat' dir='ltr'>diligi</span> <span class='ocrx_word' id='word_1_189' title='bbox 1539 1736 1724 1782; x_wconf 88' lang='lat' dir='ltr'>dehent.</span> <span class='ocrx_word' id='word_1_190' title='bbox 1753 1736 1904 1782; x_wconf 88' lang='lat' dir='ltr'>Prima</span> 
     </span>
     <span class='ocr_line' id='line_1_23' title="bbox 288 1807 1904 1866; baseline 0.001 -13"><span class='ocrx_word' id='word_1_191' title='bbox 288 1808 527 1854; x_wconf 85' lang='lat' dir='ltr'>manifesta</span> <span class='ocrx_word' id='word_1_192' title='bbox 551 1814 635 1866; x_wconf 89' lang='lat' dir='ltr'>est,</span> <span class='ocrx_word' id='word_1_193' title='bbox 660 1808 697 1853; x_wconf 89' lang='lat' dir='ltr'>si</span> <span class='ocrx_word' id='word_1_194' title='bbox 721 1813 886 1853; x_wconf 91' lang='lat' dir='ltr'>natura</span> <span class='ocrx_word' id='word_1_195' title='bbox 907 1808 1194 1864; x_wconf 87' lang='lat' dir='ltr'>passivorum</span> <span class='ocrx_word' id='word_1_196' title='bbox 1216 1813 1262 1853; x_wconf 90' lang='lat' dir='ltr'>et</span> <span class='ocrx_word' id='word_1_197' title='bbox 1286 1807 1545 1854; x_wconf 85' lang='lat' dir='ltr'>activorum</span> <span class='ocrx_word' id='word_1_198' title='bbox 1563 1809 1880 1855; x_wconf 87' lang='lat' dir='ltr'>consideretur</span> <span class='ocrx_word' id='word_1_199' title='bbox 1889 1822 1904 1866; x_wconf 93' lang='lat'>3</span> 
     </span>
     <span class='ocr_line' id='line_1_24' title="bbox 285 1881 1906 1938; baseline 0.001 -12"><span class='ocrx_word' id='word_1_200' title='bbox 285 1882 486 1926; x_wconf 83' lang='lat' dir='ltr'>secunda</span> <span class='ocrx_word' id='word_1_201' title='bbox 519 1893 601 1938; x_wconf 91' lang='lat' dir='ltr'>per</span> <span class='ocrx_word' id='word_1_202' title='bbox 633 1881 718 1926; x_wconf 90' lang='lat' dir='ltr'>hoc</span> <span class='ocrx_word' id='word_1_203' title='bbox 745 1886 950 1938; x_wconf 90' lang='lat' dir='ltr'>apparet,</span> <span class='ocrx_word' id='word_1_204' title='bbox 986 1881 1092 1938; x_wconf 89' lang='lat' dir='ltr'>quia</span> <span class='ocrx_word' id='word_1_205' title='bbox 1133 1881 1550 1938; x_wconf 85' lang='lat' dir='ltr'>principibusaliis</span> <span class='ocrx_word' id='word_1_206' title='bbox 1577 1881 1783 1928; x_wconf 89' lang='lat' dir='ltr'>homines</span> <span class='ocrx_word' id='word_1_207' title='bbox 1813 1895 1906 1928; x_wconf 92' lang='lat' dir='ltr'>non</span> 
     </span>
     <span class='ocr_line' id='line_1_25' title="bbox 282 1952 1902 2010; baseline 0.002 -12"><span class='ocrx_word' id='word_1_208' title='bbox 282 1952 654 2010; x_wconf 78' lang='lat' dir='ltr'>appropinquant</span> <span class='ocrx_word' id='word_1_209' title='bbox 678 1952 764 1997; x_wconf 88' lang='lat' dir='ltr'>nisi</span> <span class='ocrx_word' id='word_1_210' title='bbox 789 1953 836 1997; x_wconf 89' lang='lat' dir='ltr'>in</span> <span class='ocrx_word' id='word_1_211' title='bbox 860 1957 1005 2009; x_wconf 87' lang='lat' dir='ltr'>parte,</span> <span class='ocrx_word' id='word_1_212' title='bbox 1032 1952 1290 1998; x_wconf 77' lang='lat' dir='ltr'>monarchae</span> <span class='ocrx_word' id='word_1_213' title='bbox 1316 1965 1429 1999; x_wconf 85' lang='lat' dir='ltr'>vero</span> <span class='ocrx_word' id='word_1_214' title='bbox 1453 1955 1711 2000; x_wconf 90' lang='lat' dir='ltr'>secundum</span> <span class='ocrx_word' id='word_1_215' title='bbox 1736 1959 1902 2001; x_wconf 83' lang='lat' dir='ltr'>totum.</span> 
     </span>
     <span class='ocr_line' id='line_1_26' title="bbox 284 2025 1907 2084; baseline 0.001 -13"><span class='ocrx_word' id='word_1_216' title='bbox 284 2026 342 2071; x_wconf 88' lang='lat' dir='ltr'>Et</span> <span class='ocrx_word' id='word_1_217' title='bbox 366 2038 555 2071; x_wconf 87' lang='lat' dir='ltr'>rursus:</span> <span class='ocrx_word' id='word_1_218' title='bbox 580 2025 787 2071; x_wconf 89' lang='lat' dir='ltr'>homines</span> <span class='ocrx_word' id='word_1_219' title='bbox 810 2025 1092 2083; x_wconf 86' lang='lat' dir='ltr'>principibus</span> <span class='ocrx_word' id='word_1_220' title='bbox 1115 2025 1210 2070; x_wconf 90' lang='lat' dir='ltr'>aliis</span> <span class='ocrx_word' id='word_1_221' title='bbox 1234 2026 1602 2083; x_wconf 87' lang='lat' dir='ltr'>appropinquant</span> <span class='ocrx_word' id='word_1_222' title='bbox 1625 2038 1708 2084; x_wconf 88' lang='lat' dir='ltr'>per</span> <span class='ocrx_word' id='word_1_223' title='bbox 1727 2039 1907 2073; x_wconf 89' lang='lat' dir='ltr'>monar-</span> 
     </span>
     <span class='ocr_line' id='line_1_27' title="bbox 283 2097 1904 2155; baseline 0.001 -12"><span class='ocrx_word' id='word_1_224' title='bbox 283 2099 431 2154; x_wconf 90' lang='lat' dir='ltr'>cham,</span> <span class='ocrx_word' id='word_1_225' title='bbox 458 2104 505 2144; x_wconf 90' lang='lat' dir='ltr'>et</span> <span class='ocrx_word' id='word_1_226' title='bbox 532 2111 625 2143; x_wconf 90' lang='lat' dir='ltr'>non</span> <span class='ocrx_word' id='word_1_227' title='bbox 655 2111 679 2143; x_wconf 90' lang='lat' dir='ltr'>e</span> <span class='ocrx_word' id='word_1_228' title='bbox 706 2109 931 2145; x_wconf 85' lang='lat' dir='ltr'>converso</span> <span class='ocrx_word' id='word_1_229' title='bbox 946 2110 962 2153; x_wconf 96' lang='lat'>3</span> <span class='ocrx_word' id='word_1_230' title='bbox 999 2103 1045 2143; x_wconf 90' lang='lat' dir='ltr'>et</span> <span class='ocrx_word' id='word_1_231' title='bbox 1080 2097 1146 2143; x_wconf 93' lang='lat' dir='ltr'>sic</span> <span class='ocrx_word' id='word_1_232' title='bbox 1179 2110 1262 2155; x_wconf 89' lang='lat' dir='ltr'>per</span> <span class='ocrx_word' id='word_1_233' title='bbox 1285 2097 1413 2155; x_wconf 89' lang='lat' dir='ltr'>prius</span> <span class='ocrx_word' id='word_1_234' title='bbox 1442 2102 1489 2144; x_wconf 88' lang='lat' dir='ltr'>et</span> <span class='ocrx_word' id='word_1_235' title='bbox 1523 2098 1784 2145; x_wconf 84' lang='lat' dir='ltr'>immediate</span> <span class='ocrx_word' id='word_1_236' title='bbox 1808 2112 1904 2146; x_wconf 91' lang='lat' dir='ltr'>mo-</span> 
     </span>
     <span class='ocr_line' id='line_1_28' title="bbox 239 2169 1904 2230; baseline 0.001 -14"><span class='ocrx_word' id='word_1_237' title='bbox 239 2171 248 2175; x_wconf 83' lang='grc'><strong>’</strong></span> <span class='ocrx_word' id='word_1_238' title='bbox 284 2171 468 2216; x_wconf 87' lang='lat' dir='ltr'>narchae</span> <span class='ocrx_word' id='word_1_239' title='bbox 514 2170 634 2216; x_wconf 86' lang='lat' dir='ltr'>inest</span> <span class='ocrx_word' id='word_1_240' title='bbox 680 2183 790 2216; x_wconf 91' lang='lat' dir='ltr'>cura</span> <span class='ocrx_word' id='word_1_241' title='bbox 831 2171 887 2217; x_wconf 90' lang='lat' dir='ltr'>de</span> <span class='ocrx_word' id='word_1_242' title='bbox 918 2169 1158 2227; x_wconf 87' lang='lat' dir='ltr'>omnibus3</span> <span class='ocrx_word' id='word_1_243' title='bbox 1189 2171 1285 2216; x_wconf 87' lang='lat' dir='ltr'>aliis</span> <span class='ocrx_word' id='word_1_244' title='bbox 1315 2176 1471 2216; x_wconf 91' lang='lat' dir='ltr'>autem</span> <span class='ocrx_word' id='word_1_245' title='bbox 1507 2171 1792 2230; x_wconf 86' lang='lat' dir='ltr'>principibus</span> <span class='ocrx_word' id='word_1_246' title='bbox 1822 2184 1904 2230; x_wconf 88' lang='lat' dir='ltr'>per</span> 
     </span>
     <span class='ocr_line' id='line_1_29' title="bbox 282 2243 1904 2301; baseline 0.001 -13"><span class='ocrx_word' id='word_1_247' title='bbox 282 2243 595 2298; x_wconf 85' lang='lat' dir='ltr'>monarcham,</span> <span class='ocrx_word' id='word_1_248' title='bbox 618 2254 671 2287; x_wconf 90' lang='lat' dir='ltr'>eo</span> <span class='ocrx_word' id='word_1_249' title='bbox 696 2243 820 2300; x_wconf 91' lang='lat' dir='ltr'>quod</span> <span class='ocrx_word' id='word_1_250' title='bbox 842 2255 952 2289; x_wconf 90' lang='lat' dir='ltr'>cura</span> <span class='ocrx_word' id='word_1_251' title='bbox 977 2243 1177 2300; x_wconf 85' lang='lat' dir='ltr'>ipsorum</span> <span class='ocrx_word' id='word_1_252' title='bbox 1198 2256 1224 2288; x_wconf 90' lang='lat' dir='ltr'>a</span> <span class='ocrx_word' id='word_1_253' title='bbox 1245 2255 1356 2290; x_wconf 86' lang='lat' dir='ltr'>cura</span> <span class='ocrx_word' id='word_1_254' title='bbox 1381 2243 1455 2289; x_wconf 89' lang='lat' dir='ltr'>illa</span> <span class='ocrx_word' id='word_1_255' title='bbox 1475 2255 1691 2301; x_wconf 85' lang='lat' dir='ltr'>suprema</span> <span class='ocrx_word' id='word_1_256' title='bbox 1715 2245 1904 2290; x_wconf 88' lang='lat' dir='ltr'>descen-</span> 
     </span>
     <span class='ocr_line' id='line_1_30' title="bbox 284 2316 1901 2374; baseline 0.001 -13"><span class='ocrx_word' id='word_1_257' title='bbox 284 2317 363 2361; x_wconf 90' lang='lat' dir='ltr'>dit.</span> <span class='ocrx_word' id='word_1_258' title='bbox 394 2316 642 2371; x_wconf 86' lang='lat' dir='ltr'>Praeterea,</span> <span class='ocrx_word' id='word_1_259' title='bbox 673 2320 846 2371; x_wconf 88' lang='lat' dir='ltr'>quanto</span> <span class='ocrx_word' id='word_1_260' title='bbox 878 2327 1013 2360; x_wconf 89' lang='lat' dir='ltr'>causa</span> <span class='ocrx_word' id='word_1_261' title='bbox 1044 2320 1113 2360; x_wconf 90' lang='lat' dir='ltr'>est</span> <span class='ocrx_word' id='word_1_262' title='bbox 1144 2316 1315 2372; x_wconf 88' lang='lat' dir='ltr'>utilior,</span> <span class='ocrx_word' id='word_1_263' title='bbox 1349 2321 1477 2362; x_wconf 87' lang='lat' dir='ltr'>tanto</span> <span class='ocrx_word' id='word_1_264' title='bbox 1506 2317 1648 2374; x_wconf 85' lang='lat' dir='ltr'>magis</span> <span class='ocrx_word' id='word_1_265' title='bbox 1671 2317 1807 2363; x_wconf 89' lang='lat' dir='ltr'>habet</span> <span class='ocrx_word' id='word_1_266' title='bbox 1833 2330 1901 2363; x_wconf 90' lang='lat' dir='ltr'>ra-</span> 
     </span>
     <span class='ocr_line' id='line_1_31' title="bbox 285 2388 1903 2449; baseline 0.001 -15"><span class='ocrx_word' id='word_1_267' title='bbox 285 2390 456 2435; x_wconf 84' lang='lat' dir='ltr'>tionem</span> <span class='ocrx_word' id='word_1_268' title='bbox 497 2400 675 2434; x_wconf 86' lang='lat' dir='ltr'>causae:</span> <span class='ocrx_word' id='word_1_269' title='bbox 708 2388 812 2445; x_wconf 89' lang='lat' dir='ltr'>quia</span> <span class='ocrx_word' id='word_1_270' title='bbox 846 2388 1034 2434; x_wconf 79' lang='lat' dir='ltr'>inferior</span> <span class='ocrx_word' id='word_1_271' title='bbox 1062 2401 1155 2434; x_wconf 89' lang='lat' dir='ltr'>non</span> <span class='ocrx_word' id='word_1_272' title='bbox 1189 2395 1258 2435; x_wconf 88' lang='lat' dir='ltr'>est</span> <span class='ocrx_word' id='word_1_273' title='bbox 1290 2401 1441 2446; x_wconf 87' lang='lat' dir='ltr'>causa,</span> <span class='ocrx_word' id='word_1_274' title='bbox 1475 2390 1561 2435; x_wconf 91' lang='lat' dir='ltr'>nisi</span> <span class='ocrx_word' id='word_1_275' title='bbox 1591 2402 1673 2448; x_wconf 87' lang='lat' dir='ltr'>per</span> <span class='ocrx_word' id='word_1_276' title='bbox 1701 2391 1903 2449; x_wconf 90' lang='lat' dir='ltr'>superio-</span> 
     </span>
     <span class='ocr_line' id='line_1_32' title="bbox 282 2463 1899 2522; baseline 0.001 -13"><span class='ocrx_word' id='word_1_277' title='bbox 282 2475 397 2519; x_wconf 89' lang='lat' dir='ltr'>rem,</span> <span class='ocrx_word' id='word_1_278' title='bbox 423 2468 478 2521; x_wconf 63' lang='lat' dir='ltr'>ut</span> <span class='ocrx_word' id='word_1_279' title='bbox 502 2469 628 2521; x_wconf 89' lang='lat' dir='ltr'>patet</span> <span class='ocrx_word' id='word_1_280' title='bbox 654 2476 714 2508; x_wconf 86' lang='lat' dir='ltr'>ex</span> <span class='ocrx_word' id='word_1_281' title='bbox 736 2463 789 2508; x_wconf 91' lang='lat' dir='ltr'>iis</span> <span class='ocrx_word' id='word_1_282' title='bbox 813 2475 918 2519; x_wconf 85' lang='lat' dir='ltr'>quae</span> <span class='ocrx_word' id='word_1_283' title='bbox 949 2464 1001 2508; x_wconf 82' lang='lat' dir='ltr'>de</span> <span class='ocrx_word' id='word_1_284' title='bbox 1026 2463 1282 2509; x_wconf 56' lang='lat' dir='ltr'>Causis.‘Et</span> <span class='ocrx_word' id='word_1_285' title='bbox 1307 2469 1480 2522; x_wconf 87' lang='lat' dir='ltr'>quanto</span> <span class='ocrx_word' id='word_1_286' title='bbox 1511 2476 1647 2510; x_wconf 90' lang='lat' dir='ltr'>causa</span> <span class='ocrx_word' id='word_1_287' title='bbox 1670 2466 1812 2522; x_wconf 83' lang='lat' dir='ltr'>magis</span> <span class='ocrx_word' id='word_1_288' title='bbox 1830 2472 1899 2512; x_wconf 90' lang='lat' dir='ltr'>est</span> 
     </span>
    </p>
   </div>
   <div class='ocr_carea' id='block_1_5' title="bbox 206 2536 1901 2596">
    <p class='ocr_par' dir='ltr' id='par_1_5' title="bbox 206 2536 1901 2596">
     <span class='ocr_line' id='line_1_33' title="bbox 206 2536 1901 2596; baseline 0.002 -14"><span class='ocrx_word' id='word_1_289' title='bbox 206 2585 210 2588; x_wconf 74' lang='grc'><strong>,</strong></span> <span class='ocrx_word' id='word_1_290' title='bbox 281 2549 435 2593; x_wconf 80' lang='lat' dir='ltr'>causa,</span> <span class='ocrx_word' id='word_1_291' title='bbox 462 2543 591 2582; x_wconf 89' lang='lat' dir='ltr'>tanto</span> <span class='ocrx_word' id='word_1_292' title='bbox 611 2537 753 2594; x_wconf 86' lang='lat' dir='ltr'>magis</span> <span class='ocrx_word' id='word_1_293' title='bbox 784 2536 999 2583; x_wconf 83' lang='lat' dir='ltr'>effectum</span> <span class='ocrx_word' id='word_1_294' title='bbox 1031 2537 1189 2594; x_wconf 79' lang='lat' dir='ltr'>diligit,</span> <span class='ocrx_word' id='word_1_295' title='bbox 1216 2549 1322 2583; x_wconf 90' lang='lat' dir='ltr'>cum</span> <span class='ocrx_word' id='word_1_296' title='bbox 1345 2537 1527 2584; x_wconf 90' lang='lat' dir='ltr'>dilectio</span> <span class='ocrx_word' id='word_1_297' title='bbox 1549 2538 1647 2583; x_wconf 88' lang='lat' dir='ltr'>talis</span> <span class='ocrx_word' id='word_1_298' title='bbox 1677 2545 1901 2596; x_wconf 87' lang='lat' dir='ltr'>sequatur</span> 
     </span>
    </p>
   </div>
   <div class='ocr_carea' id='block_1_6' title="bbox 279 2607 1903 2815">
    <p class='ocr_par' dir='ltr' id='par_1_6' title="bbox 279 2607 1903 2815">
     <span class='ocr_line' id='line_1_34' title="bbox 282 2607 1901 2666; baseline 0.002 -12"><span class='ocrx_word' id='word_1_299' title='bbox 282 2621 466 2655; x_wconf 87' lang='lat' dir='ltr'>causam</span> <span class='ocrx_word' id='word_1_300' title='bbox 495 2621 578 2666; x_wconf 90' lang='lat' dir='ltr'>per</span> <span class='ocrx_word' id='word_1_301' title='bbox 607 2621 670 2654; x_wconf 90' lang='lat' dir='ltr'>se.</span> <span class='ocrx_word' id='word_1_302' title='bbox 704 2607 821 2654; x_wconf 89' lang='lat' dir='ltr'>Cum</span> <span class='ocrx_word' id='word_1_303' title='bbox 851 2620 958 2666; x_wconf 83' lang='lat' dir='ltr'>ergo</span> <span class='ocrx_word' id='word_1_304' title='bbox 988 2611 1232 2655; x_wconf 86' lang='lat' dir='ltr'>monarcha</span> <span class='ocrx_word' id='word_1_305' title='bbox 1264 2610 1321 2655; x_wconf 90' lang='lat' dir='ltr'>sit</span> <span class='ocrx_word' id='word_1_306' title='bbox 1346 2609 1582 2655; x_wconf 91' lang='lat' dir='ltr'>utilissima</span> <span class='ocrx_word' id='word_1_307' title='bbox 1613 2623 1748 2657; x_wconf 86' lang='lat' dir='ltr'>causa</span> <span class='ocrx_word' id='word_1_308' title='bbox 1778 2612 1901 2658; x_wconf 90' lang='lat' dir='ltr'>inter</span> 
     </span>
     <span class='ocr_line' id='line_1_35' title="bbox 282 2681 1900 2740; baseline 0 -12"><span class='ocrx_word' id='word_1_309' title='bbox 282 2682 514 2739; x_wconf 73' lang='lat' dir='ltr'>mortale5‚</span> <span class='ocrx_word' id='word_1_310' title='bbox 540 2687 592 2728; x_wconf 92' lang='lat' dir='ltr'>ut</span> <span class='ocrx_word' id='word_1_311' title='bbox 616 2681 820 2727; x_wconf 89' lang='lat' dir='ltr'>homines</span> <span class='ocrx_word' id='word_1_312' title='bbox 836 2681 951 2726; x_wconf 90' lang='lat' dir='ltr'>bene</span> <span class='ocrx_word' id='word_1_313' title='bbox 972 2681 1151 2738; x_wconf 84' lang='lat' dir='ltr'>vivant,</span> <span class='ocrx_word' id='word_1_314' title='bbox 1174 2682 1280 2739; x_wconf 90' lang='lat' dir='ltr'>quia</span> <span class='ocrx_word' id='word_1_315' title='bbox 1303 2681 1533 2739; x_wconf 88' lang='lat' dir='ltr'>principes</span> <span class='ocrx_word' id='word_1_316' title='bbox 1553 2681 1626 2727; x_wconf 90' lang='lat' dir='ltr'>alii</span> <span class='ocrx_word' id='word_1_317' title='bbox 1647 2694 1730 2739; x_wconf 87' lang='lat' dir='ltr'>per</span> <span class='ocrx_word' id='word_1_318' title='bbox 1754 2683 1900 2740; x_wconf 92' lang='lat' dir='ltr'>illum,</span> 
     </span>
     <span class='ocr_line' id='line_1_36' title="bbox 279 2754 1903 2815; baseline -0.002 -10"><span class='ocrx_word' id='word_1_319' title='bbox 279 2763 336 2805; x_wconf 84' lang='lat' dir='ltr'>ut</span> <span class='ocrx_word' id='word_1_320' title='bbox 360 2757 538 2805; x_wconf 90' lang='lat' dir='ltr'>dictum</span> <span class='ocrx_word' id='word_1_321' title='bbox 562 2762 631 2803; x_wconf 90' lang='lat' dir='ltr'>est</span> <span class='ocrx_word' id='word_1_322' title='bbox 645 2769 663 2815; x_wconf 90' lang='lat'>3</span> <span class='ocrx_word' id='word_1_323' title='bbox 694 2767 979 2814; x_wconf 86' lang='lat' dir='ltr'>consequens</span> <span class='ocrx_word' id='word_1_324' title='bbox 1015 2762 1101 2813; x_wconf 88' lang='lat' dir='ltr'>est,</span> <span class='ocrx_word' id='word_1_325' title='bbox 1134 2755 1258 2813; x_wconf 87' lang='lat' dir='ltr'>quod</span> <span class='ocrx_word' id='word_1_326' title='bbox 1285 2755 1460 2802; x_wconf 88' lang='lat' dir='ltr'>bonum</span> <span class='ocrx_word' id='word_1_327' title='bbox 1489 2754 1727 2801; x_wconf 90' lang='lat' dir='ltr'>hominum</span> <span class='ocrx_word' id='word_1_328' title='bbox 1756 2756 1814 2802; x_wconf 88' lang='lat' dir='ltr'>ab</span> <span class='ocrx_word' id='word_1_329' title='bbox 1845 2767 1903 2802; x_wconf 88' lang='lat' dir='ltr'>eo</span> 
     </span>
    </p>
   </div>
  </div>
 </body>
</html>
