<?xml version="1.0" encoding="UTF-8"?>
<!DOCTYPE html PUBLIC "-//W3C//DTD XHTML 1.0 Transitional//EN"
    "http://www.w3.org/TR/xhtml1/DTD/xhtml1-transitional.dtd">
<html xmlns="http://www.w3.org/1999/xhtml" xml:lang="en" lang="en">
 <head>
  <title>
</title>
<meta http-equiv="Content-Type" content="text/html;charset=utf-8" />
  <meta name='ocr-system' content='tesseract 3.04.00' />
  <meta name='ocr-capabilities' content='ocr_page ocr_carea ocr_par ocr_line ocrx_word'/>
</head>
<body>
  <div class='ocr_page' id='page_1' title='image "./opereminori02dantuoft_0222.png"; bbox 0 0 2054 3262; ppageno 0'>
   <div class='ocr_carea' id='block_1_1' title="bbox 314 174 1351 219">
    <p class='ocr_par' dir='ltr' id='par_1_1' title="bbox 314 174 1351 219">
     <span class='ocr_line' id='line_1_1' title="bbox 314 174 1351 219; baseline 0.001 -1"><span class='ocrx_word' id='word_1_1' title='bbox 314 174 399 219; x_wconf 72' lang='lat'>212</span> <span class='ocrx_word' id='word_1_2' title='bbox 912 182 1056 219; x_wconf 72' lang='lat' dir='ltr'>ann</span> <span class='ocrx_word' id='word_1_3' title='bbox 1090 183 1351 219; x_wconf 73' lang='lat' dir='ltr'>snannUs.</span> 
     </span>
    </p>
   </div>
   <div class='ocr_carea' id='block_1_2' title="bbox 309 276 1943 481">
    <p class='ocr_par' dir='ltr' id='par_1_2' title="bbox 309 276 1943 481">
     <span class='ocr_line' id='line_1_2' title="bbox 311 276 1943 335; baseline 0.007 -14"><span class='ocrx_word' id='word_1_4' title='bbox 311 289 491 333; x_wconf 85' lang='lat' dir='ltr'>munes,</span> <span class='ocrx_word' id='word_1_5' title='bbox 520 277 575 321; x_wconf 90' lang='lat' dir='ltr'>de</span> <span class='ocrx_word' id='word_1_6' title='bbox 600 276 695 323; x_wconf 90' lang='lat' dir='ltr'>solo</span> <span class='ocrx_word' id='word_1_7' title='bbox 719 278 904 335; x_wconf 84' lang='lat' dir='ltr'>ingenio</span> <span class='ocrx_word' id='word_1_8' title='bbox 928 278 1227 335; x_wconf 81' lang='lat' dir='ltr'>confidenteS,</span> <span class='ocrx_word' id='word_1_9' title='bbox 1253 278 1312 323; x_wconf 91' lang='lat' dir='ltr'>ad</span> <span class='ocrx_word' id='word_1_10' title='bbox 1333 291 1512 325; x_wconf 90' lang='lat' dir='ltr'>summa</span> <span class='ocrx_word' id='word_1_11' title='bbox 1536 292 1716 328; x_wconf 88' lang='lat' dir='ltr'>summe</span> <span class='ocrx_word' id='word_1_12' title='bbox 1741 285 1943 332; x_wconf 83' lang='lat' dir='ltr'>canenda</span> 
     </span>
     <span class='ocr_line' id='line_1_3' title="bbox 310 350 1943 409; baseline 0.005 -15"><span class='ocrx_word' id='word_1_13' title='bbox 310 356 623 407; x_wconf 85' lang='lat' dir='ltr'>prorumpunt</span> <span class='ocrx_word' id='word_1_14' title='bbox 640 364 655 406; x_wconf 82' lang='grc'>,-</span> <span class='ocrx_word' id='word_1_15' title='bbox 695 363 721 395; x_wconf 89' lang='lat' dir='ltr'>a</span> <span class='ocrx_word' id='word_1_16' title='bbox 753 356 878 396; x_wconf 85' lang='lat' dir='ltr'>tanta</span> <span class='ocrx_word' id='word_1_17' title='bbox 912 352 1313 408; x_wconf 87' lang='lat' dir='ltr'>prosuntuositate</span> <span class='ocrx_word' id='word_1_18' title='bbox 1345 350 1582 409; x_wconf 83' lang='lat' dir='ltr'><strong>desistant,</strong></span> <span class='ocrx_word' id='word_1_19' title='bbox 1616 358 1662 399; x_wconf 91' lang='lat' dir='ltr'>et</span> <span class='ocrx_word' id='word_1_20' title='bbox 1693 353 1731 399; x_wconf 93' lang='lat' dir='ltr'>si</span> <span class='ocrx_word' id='word_1_21' title='bbox 1760 367 1943 402; x_wconf 83' lang='lat' dir='ltr'>anseres</span> 
     </span>
     <span class='ocr_line' id='line_1_4' title="bbox 309 421 1751 481; baseline 0.003 -14"><span class='ocrx_word' id='word_1_22' title='bbox 309 421 510 467; x_wconf 85' lang='lat' dir='ltr'>naturali</span> <span class='ocrx_word' id='word_1_23' title='bbox 536 422 705 467; x_wconf 86' lang='lat' dir='ltr'>desidia</span> <span class='ocrx_word' id='word_1_24' title='bbox 730 428 855 481; x_wconf 90' lang='lat' dir='ltr'>sunt,</span> <span class='ocrx_word' id='word_1_25' title='bbox 883 423 1030 467; x_wconf 80' lang='lat' dir='ltr'>nolint</span> <span class='ocrx_word' id='word_1_26' title='bbox 1054 422 1323 479; x_wconf 83' lang='lat' dir='ltr'>astripetam</span> <span class='ocrx_word' id='word_1_27' title='bbox 1348 422 1545 480; x_wconf 81' lang='lat' dir='ltr'>aquilam</span> <span class='ocrx_word' id='word_1_28' title='bbox 1566 424 1751 472; x_wconf 85' lang='lat' dir='ltr'>imitari.</span> 
     </span>
    </p>
   </div>
   <div class='ocr_carea' id='block_1_3' title="bbox 997 675 1247 724">
    <p class='ocr_par' dir='ltr' id='par_1_3' title="bbox 997 675 1247 724">
     <span class='ocr_line' id='line_1_5' title="bbox 997 675 1247 724; baseline 0.004 -2"><span class='ocrx_word' id='word_1_29' title='bbox 997 676 1161 722; x_wconf 77' lang='lat' dir='ltr'><strong>CAPUT</strong></span> <span class='ocrx_word' id='word_1_30' title='bbox 1194 675 1247 724; x_wconf 89' lang='lat' dir='ltr'>V.</span> 
     </span>
    </p>
   </div>
   <div class='ocr_carea' id='block_1_4' title="bbox 468 824 1780 878">
    <p class='ocr_par' dir='ltr' id='par_1_4' title="bbox 468 824 1780 878">
     <span class='ocr_line' id='line_1_6' title="bbox 468 824 1780 878; baseline 0.005 -16"><span class='ocrx_word' id='word_1_31' title='bbox 468 826 520 863; x_wconf 90' lang='lat' dir='ltr'>De</span> <span class='ocrx_word' id='word_1_32' title='bbox 549 824 825 875; x_wconf 82' lang='lat' dir='ltr'><strong>compositione</strong></span> <span class='ocrx_word' id='word_1_33' title='bbox 854 837 1034 862; x_wconf 82' lang='lat' dir='ltr'>versuum</span> <span class='ocrx_word' id='word_1_34' title='bbox 1064 831 1101 861; x_wconf 83' lang='lat' dir='ltr'>et</span> <span class='ocrx_word' id='word_1_35' title='bbox 1129 825 1313 862; x_wconf 70' lang='lat' dir='ltr'>varietate</span> <span class='ocrx_word' id='word_1_36' title='bbox 1342 838 1473 864; x_wconf 84' lang='lat' dir='ltr'>eorum</span> <span class='ocrx_word' id='word_1_37' title='bbox 1503 839 1572 877; x_wconf 81' lang='lat' dir='ltr'>per</span> <span class='ocrx_word' id='word_1_38' title='bbox 1599 829 1780 878; x_wconf 76' lang='lat' dir='ltr'>syllabas.</span> 
     </span>
    </p>
   </div>
   <div class='ocr_carea' id='block_1_5' title="bbox 296 937 2018 2094">
    <p class='ocr_par' dir='ltr' id='par_1_5' title="bbox 296 937 2018 2094">
     <span class='ocr_line' id='line_1_7' title="bbox 392 937 2018 1001; baseline 0.004 -18"><span class='ocrx_word' id='word_1_39' title='bbox 392 937 459 984; x_wconf 89' lang='lat' dir='ltr'>De</span> <span class='ocrx_word' id='word_1_40' title='bbox 484 939 714 995; x_wconf 81' lang='lat' dir='ltr'>gravitate</span> <span class='ocrx_word' id='word_1_41' title='bbox 746 938 1086 983; x_wconf 88' lang='lat' dir='ltr'>sententiarum</span> <span class='ocrx_word' id='word_1_42' title='bbox 1125 938 1199 984; x_wconf 81' lang='lat' dir='ltr'>vel</span> <span class='ocrx_word' id='word_1_43' title='bbox 1242 939 1350 984; x_wconf 91' lang='lat' dir='ltr'>satis</span> <span class='ocrx_word' id='word_1_44' title='bbox 1391 939 1559 986; x_wconf 80' lang='lat' dir='ltr'>dixisse</span> <span class='ocrx_word' id='word_1_45' title='bbox 1598 942 1828 1001; x_wconf 85' lang='lat' dir='ltr'>videmur,</span> <span class='ocrx_word' id='word_1_46' title='bbox 1865 943 1941 991; x_wconf 85' lang='lat' dir='ltr'>vel</span> <span class='ocrx_word' id='word_1_47' title='bbox 2016 988 2018 990; x_wconf 84' lang='lat'>.</span> 
     </span>
     <span class='ocr_line' id='line_1_8' title="bbox 306 1010 1941 1074; baseline 0.005 -19"><span class='ocrx_word' id='word_1_48' title='bbox 306 1011 466 1056; x_wconf 89' lang='lat' dir='ltr'>saltem</span> <span class='ocrx_word' id='word_1_49' title='bbox 494 1017 659 1068; x_wconf 85' lang='lat' dir='ltr'>totum,</span> <span class='ocrx_word' id='word_1_50' title='bbox 687 1012 809 1069; x_wconf 88' lang='lat' dir='ltr'>quod</span> <span class='ocrx_word' id='word_1_51' title='bbox 832 1010 984 1068; x_wconf 89' lang='lat' dir='ltr'>operis</span> <span class='ocrx_word' id='word_1_52' title='bbox 1006 1016 1074 1056; x_wconf 87' lang='lat' dir='ltr'>est</span> <span class='ocrx_word' id='word_1_53' title='bbox 1095 1012 1257 1057; x_wconf 81' lang='lat' dir='ltr'><strong>nostri.</strong></span> <span class='ocrx_word' id='word_1_54' title='bbox 1289 1014 1580 1072; x_wconf 75' lang='lat' dir='ltr'><strong>Quapropter</strong></span> <span class='ocrx_word' id='word_1_55' title='bbox 1601 1015 1658 1060; x_wconf 91' lang='lat' dir='ltr'>ad</span> <span class='ocrx_word' id='word_1_56' title='bbox 1678 1016 1941 1074; x_wconf 79' lang='lat' dir='ltr'><strong>superbiam</strong></span> 
     </span>
     <span class='ocr_line' id='line_1_9' title="bbox 305 1085 1941 1148; baseline 0.004 -18"><span class='ocrx_word' id='word_1_57' title='bbox 305 1085 565 1130; x_wconf 77' lang='lat' dir='ltr'>carminum</span> <span class='ocrx_word' id='word_1_58' title='bbox 590 1085 861 1130; x_wconf 77' lang='lat' dir='ltr'>festinemus</span> <span class='ocrx_word' id='word_1_59' title='bbox 878 1099 891 1140; x_wconf 81' lang='grc'>;</span> <span class='ocrx_word' id='word_1_60' title='bbox 927 1085 1047 1130; x_wconf 89' lang='lat' dir='ltr'>circa</span> <span class='ocrx_word' id='word_1_61' title='bbox 1082 1086 1205 1142; x_wconf 82' lang='lat' dir='ltr'>quod</span> <span class='ocrx_word' id='word_1_62' title='bbox 1238 1086 1478 1133; x_wconf 87' lang='lat' dir='ltr'>sciendum</span> <span class='ocrx_word' id='word_1_63' title='bbox 1503 1094 1588 1146; x_wconf 90' lang='lat' dir='ltr'>est,</span> <span class='ocrx_word' id='word_1_64' title='bbox 1615 1089 1941 1148; x_wconf 80' lang='lat' dir='ltr'>quodpraede—</span> 
     </span>
     <span class='ocr_line' id='line_1_10' title="bbox 305 1157 1940 1218; baseline 0.004 -16"><span class='ocrx_word' id='word_1_65' title='bbox 305 1169 510 1202; x_wconf 87' lang='lat' dir='ltr'>cessores</span> <span class='ocrx_word' id='word_1_66' title='bbox 536 1158 681 1203; x_wconf 85' lang='lat' dir='ltr'>nostri</span> <span class='ocrx_word' id='word_1_67' title='bbox 705 1158 900 1204; x_wconf 78' lang='lat' dir='ltr'>diversis</span> <span class='ocrx_word' id='word_1_68' title='bbox 918 1158 1198 1204; x_wconf 82' lang='lat' dir='ltr'>carminibus</span> <span class='ocrx_word' id='word_1_69' title='bbox 1223 1158 1293 1204; x_wconf 90' lang='lat' dir='ltr'>usi</span> <span class='ocrx_word' id='word_1_70' title='bbox 1319 1165 1428 1204; x_wconf 90' lang='lat' dir='ltr'>sunt</span> <span class='ocrx_word' id='word_1_71' title='bbox 1453 1159 1499 1204; x_wconf 92' lang='lat' dir='ltr'>in</span> <span class='ocrx_word' id='word_1_72' title='bbox 1519 1157 1811 1207; x_wconf 86' lang='lat' dir='ltr'>cantionibus</span> <span class='ocrx_word' id='word_1_73' title='bbox 1828 1163 1940 1218; x_wconf 78' lang='lat' dir='ltr'>suiS,</span> 
     </span>
     <span class='ocr_line' id='line_1_11' title="bbox 303 1230 1940 1286; baseline 0.004 -13"><span class='ocrx_word' id='word_1_74' title='bbox 303 1230 427 1286; x_wconf 88' lang='lat' dir='ltr'>quod</span> <span class='ocrx_word' id='word_1_75' title='bbox 452 1234 499 1274; x_wconf 88' lang='lat' dir='ltr'>et</span> <span class='ocrx_word' id='word_1_76' title='bbox 524 1230 732 1275; x_wconf 89' lang='lat' dir='ltr'>moderni</span> <span class='ocrx_word' id='word_1_77' title='bbox 764 1230 969 1276; x_wconf 86' lang='lat' dir='ltr'>faciunt:</span> <span class='ocrx_word' id='word_1_78' title='bbox 1011 1231 1096 1278; x_wconf 74' lang='lat' dir='ltr'>sedv</span> <span class='ocrx_word' id='word_1_79' title='bbox 1129 1231 1310 1277; x_wconf 84' lang='lat' dir='ltr'>nullum</span> <span class='ocrx_word' id='word_1_80' title='bbox 1349 1233 1500 1278; x_wconf 91' lang='lat' dir='ltr'>adhuc</span> <span class='ocrx_word' id='word_1_81' title='bbox 1542 1233 1809 1280; x_wconf 77' lang='lat' dir='ltr'>invenimus</span> <span class='ocrx_word' id='word_1_82' title='bbox 1841 1247 1940 1281; x_wconf 87' lang='lat' dir='ltr'>car-</span> 
     </span>
     <span class='ocr_line' id='line_1_12' title="bbox 301 1303 1940 1363; baseline 0.002 -15"><span class='ocrx_word' id='word_1_83' title='bbox 301 1316 410 1348; x_wconf 89' lang='lat' dir='ltr'>men</span> <span class='ocrx_word' id='word_1_84' title='bbox 435 1304 483 1348; x_wconf 89' lang='lat' dir='ltr'>in</span> <span class='ocrx_word' id='word_1_85' title='bbox 508 1303 818 1361; x_wconf 77' lang='lat' dir='ltr'>syllabicando</span> <span class='ocrx_word' id='word_1_86' title='bbox 850 1303 1256 1362; x_wconf 83' lang='lat' dir='ltr'>endecasyllabum</span> <span class='ocrx_word' id='word_1_87' title='bbox 1289 1306 1641 1363; x_wconf 83' lang='lat' dir='ltr'>transcendisse,</span> <span class='ocrx_word' id='word_1_88' title='bbox 1677 1319 1766 1354; x_wconf 89' lang='lat' dir='ltr'>nec</span> <span class='ocrx_word' id='word_1_89' title='bbox 1795 1320 1821 1353; x_wconf 90' lang='lat' dir='ltr'>a</span> <span class='ocrx_word' id='word_1_90' title='bbox 1858 1307 1940 1353; x_wconf 88' lang='lat' dir='ltr'>tri-</span> 
     </span>
     <span class='ocr_line' id='line_1_13' title="bbox 302 1374 1936 1437; baseline 0.002 -15"><span class='ocrx_word' id='word_1_91' title='bbox 302 1377 476 1435; x_wconf 90' lang='lat' dir='ltr'>syllabo</span> <span class='ocrx_word' id='word_1_92' title='bbox 503 1376 807 1421; x_wconf 87' lang='lat' dir='ltr'>descendisse.</span> <span class='ocrx_word' id='word_1_93' title='bbox 841 1374 900 1420; x_wconf 91' lang='lat' dir='ltr'>Et</span> <span class='ocrx_word' id='word_1_94' title='bbox 931 1374 1039 1421; x_wconf 89' lang='lat' dir='ltr'>licet</span> <span class='ocrx_word' id='word_1_95' title='bbox 1074 1376 1309 1434; x_wconf 88' lang='lat' dir='ltr'>trisyllabo</span> <span class='ocrx_word' id='word_1_96' title='bbox 1336 1376 1713 1437; x_wconf 86' lang='lat' dir='ltr'>carmine-atque</span> <span class='ocrx_word' id='word_1_97' title='bbox 1743 1379 1936 1426; x_wconf 88' lang='lat' dir='ltr'>endeca-</span> 
     </span>
     <span class='ocr_line' id='line_1_14' title="bbox 300 1449 1938 1512; baseline 0.004 -17"><span class='ocrx_word' id='word_1_98' title='bbox 300 1451 488 1509; x_wconf 81' lang='lat' dir='ltr'>syllabO,</span> <span class='ocrx_word' id='word_1_99' title='bbox 521 1455 567 1496; x_wconf 89' lang='lat' dir='ltr'>et</span> <span class='ocrx_word' id='word_1_100' title='bbox 599 1450 812 1495; x_wconf 90' lang='lat' dir='ltr'>omnibus</span> <span class='ocrx_word' id='word_1_101' title='bbox 837 1449 1122 1496; x_wconf 84' lang='lat' dir='ltr'>intermediis</span> <span class='ocrx_word' id='word_1_102' title='bbox 1149 1456 1360 1496; x_wconf 88' lang='lat' dir='ltr'>cantores</span> <span class='ocrx_word' id='word_1_103' title='bbox 1391 1450 1508 1497; x_wconf 88' lang='lat' dir='ltr'>Latii</span> <span class='ocrx_word' id='word_1_104' title='bbox 1540 1451 1611 1498; x_wconf 92' lang='lat' dir='ltr'>usi</span> <span class='ocrx_word' id='word_1_105' title='bbox 1641 1453 1750 1510; x_wconf 90' lang='lat' dir='ltr'>sint,</span> <span class='ocrx_word' id='word_1_106' title='bbox 1777 1461 1938 1512; x_wconf 89' lang='lat' dir='ltr'>penta-</span> 
     </span>
     <span class='ocr_line' id='line_1_15' title="bbox 301 1521 1939 1584; baseline 0.003 -15"><span class='ocrx_word' id='word_1_107' title='bbox 301 1525 545 1583; x_wconf 88' lang='lat' dir='ltr'>syllabum,</span> <span class='ocrx_word' id='word_1_108' title='bbox 563 1528 609 1568; x_wconf 84' lang='lat' dir='ltr'>et</span> <span class='ocrx_word' id='word_1_109' title='bbox 627 1521 977 1580; x_wconf 86' lang='lat' dir='ltr'>eptasyllabum,</span> <span class='ocrx_word' id='word_1_110' title='bbox 996 1527 1042 1566; x_wconf 89' lang='lat' dir='ltr'>et</span> <span class='ocrx_word' id='word_1_111' title='bbox 1060 1521 1442 1568; x_wconf 87' lang='lat' dir='ltr'>endecasillabum</span> <span class='ocrx_word' id='word_1_112' title='bbox 1460 1523 1509 1567; x_wconf 90' lang='lat' dir='ltr'>in</span> <span class='ocrx_word' id='word_1_113' title='bbox 1525 1535 1616 1570; x_wconf 90' lang='lat' dir='ltr'>usu</span> <span class='ocrx_word' id='word_1_114' title='bbox 1634 1523 1939 1584; x_wconf 84' lang='lat' dir='ltr'>frequentiori</span> 
     </span>
     <span class='ocr_line' id='line_1_16' title="bbox 299 1594 1939 1656; baseline 0.002 -13"><span class='ocrx_word' id='word_1_115' title='bbox 299 1599 532 1643; x_wconf 89' lang='lat' dir='ltr'>habentur</span> <span class='ocrx_word' id='word_1_116' title='bbox 553 1611 561 1642; x_wconf 90' lang='lat'><strong>:</strong></span> <span class='ocrx_word' id='word_1_117' title='bbox 591 1602 637 1642; x_wconf 87' lang='lat' dir='ltr'>et</span> <span class='ocrx_word' id='word_1_118' title='bbox 662 1602 766 1653; x_wconf 87' lang='lat' dir='ltr'>post</span> <span class='ocrx_word' id='word_1_119' title='bbox 791 1596 892 1640; x_wconf 87' lang='lat' dir='ltr'>haec</span> <span class='ocrx_word' id='word_1_120' title='bbox 916 1594 1209 1653; x_wconf 84' lang='lat' dir='ltr'>trisyllabum</span> <span class='ocrx_word' id='word_1_121' title='bbox 1232 1601 1341 1642; x_wconf 89' lang='lat' dir='ltr'>ante</span> <span class='ocrx_word' id='word_1_122' title='bbox 1365 1597 1479 1654; x_wconf 80' lang='lat' dir='ltr'>alia3</span> <span class='ocrx_word' id='word_1_123' title='bbox 1505 1610 1705 1656; x_wconf 85' lang='lat' dir='ltr'>quorum</span> <span class='ocrx_word' id='word_1_124' title='bbox 1730 1601 1939 1647; x_wconf 90' lang='lat' dir='ltr'>omnium</span> 
     </span>
     <span class='ocr_line' id='line_1_17' title="bbox 300 1669 1939 1731; baseline 0.001 -13"><span class='ocrx_word' id='word_1_125' title='bbox 300 1672 706 1731; x_wconf 85' lang='lat' dir='ltr'>endecasyllabum</span> <span class='ocrx_word' id='word_1_126' title='bbox 739 1670 928 1717; x_wconf 89' lang='lat' dir='ltr'>videtur</span> <span class='ocrx_word' id='word_1_127' title='bbox 954 1682 1051 1714; x_wconf 87' lang='lat' dir='ltr'>esse</span> <span class='ocrx_word' id='word_1_128' title='bbox 1078 1669 1337 1727; x_wconf 76' lang='lat' dir='ltr'>superbiUS,</span> <span class='ocrx_word' id='word_1_129' title='bbox 1371 1675 1464 1715; x_wconf 89' lang='lat' dir='ltr'>tam</span> <span class='ocrx_word' id='word_1_130' title='bbox 1498 1671 1718 1728; x_wconf 88' lang='lat' dir='ltr'>temporis</span> <span class='ocrx_word' id='word_1_131' title='bbox 1745 1683 1939 1731; x_wconf 80' lang='lat' dir='ltr'>occupa-</span> 
     </span>
     <span class='ocr_line' id='line_1_18' title="bbox 301 1743 1938 1804; baseline 0.001 -12"><span class='ocrx_word' id='word_1_132' title='bbox 301 1747 438 1804; x_wconf 85' lang='lat' dir='ltr'>tione,</span> <span class='ocrx_word' id='word_1_133' title='bbox 465 1759 605 1804; x_wconf 88' lang='lat' dir='ltr'>quam</span> <span class='ocrx_word' id='word_1_134' title='bbox 638 1745 891 1803; x_wconf 88' lang='lat' dir='ltr'>capacitate</span> <span class='ocrx_word' id='word_1_135' title='bbox 923 1743 1184 1800; x_wconf 66' lang='lat' dir='ltr'>sententiae,</span> <span class='ocrx_word' id='word_1_136' title='bbox 1211 1744 1585 1802; x_wconf 82' lang='lat' dir='ltr'>constructioniS,</span> <span class='ocrx_word' id='word_1_137' title='bbox 1618 1751 1665 1792; x_wconf 89' lang='lat' dir='ltr'>et</span> <span class='ocrx_word' id='word_1_138' title='bbox 1694 1747 1938 1794; x_wconf 84' lang='lat' dir='ltr'>vocabulo-</span> 
     </span>
     <span class='ocr_line' id='line_1_19' title="bbox 297 1817 1934 1879; baseline 0.001 -13"><span class='ocrx_word' id='word_1_139' title='bbox 297 1832 435 1876; x_wconf 72' lang='lat' dir='ltr'>rum,</span> <span class='ocrx_word' id='word_1_140' title='bbox 468 1831 666 1878; x_wconf 86' lang='lat' dir='ltr'>quorum</span> <span class='ocrx_word' id='word_1_141' title='bbox 694 1818 903 1864; x_wconf 89' lang='lat' dir='ltr'>omnium</span> <span class='ocrx_word' id='word_1_142' title='bbox 933 1817 1200 1875; x_wconf 78' lang='lat' dir='ltr'>speciositas</span> <span class='ocrx_word' id='word_1_143' title='bbox 1230 1817 1373 1874; x_wconf 84' lang='lat' dir='ltr'>magis</span> <span class='ocrx_word' id='word_1_144' title='bbox 1403 1818 1740 1876; x_wconf 87' lang='lat' dir='ltr'>multiplicatur</span> <span class='ocrx_word' id='word_1_145' title='bbox 1768 1820 1816 1866; x_wconf 90' lang='lat' dir='ltr'>in</span> <span class='ocrx_word' id='word_1_146' title='bbox 1846 1821 1934 1879; x_wconf 81' lang='lat' dir='ltr'>illc,</span> 
     </span>
     <span class='ocr_line' id='line_1_20' title="bbox 296 1889 1936 1952; baseline 0.002 -14"><span class='ocrx_word' id='word_1_147' title='bbox 296 1899 350 1938; x_wconf 88' lang='lat' dir='ltr'>ut</span> <span class='ocrx_word' id='word_1_148' title='bbox 376 1892 612 1937; x_wconf 85' lang='lat' dir='ltr'>manifeste</span> <span class='ocrx_word' id='word_1_149' title='bbox 638 1895 826 1949; x_wconf 87' lang='lat' dir='ltr'>apparet</span> <span class='ocrx_word' id='word_1_150' title='bbox 843 1903 858 1946; x_wconf 80' lang='lat'><em>3</em></span> <span class='ocrx_word' id='word_1_151' title='bbox 891 1901 998 1935; x_wconf 90' lang='lat' dir='ltr'>nam</span> <span class='ocrx_word' id='word_1_152' title='bbox 1028 1889 1313 1947; x_wconf 87' lang='lat' dir='ltr'>ubicumque</span> <span class='ocrx_word' id='word_1_153' title='bbox 1345 1891 1600 1948; x_wconf 87' lang='lat' dir='ltr'>ponderosa</span> <span class='ocrx_word' id='word_1_154' title='bbox 1630 1892 1936 1952; x_wconf 88' lang='lat' dir='ltr'>multiplican-</span> 
     </span>
     <span class='ocr_line' id='line_1_21' title="bbox 300 1962 1935 2026; baseline 0.001 -15"><span class='ocrx_word' id='word_1_155' title='bbox 300 1972 391 2023; x_wconf 86' lang='lat' dir='ltr'>tur,</span> <span class='ocrx_word' id='word_1_156' title='bbox 419 1971 466 2010; x_wconf 89' lang='lat' dir='ltr'>et</span> <span class='ocrx_word' id='word_1_157' title='bbox 488 1963 704 2023; x_wconf 76' lang='lat' dir='ltr'>pondus¹</span> <span class='ocrx_word' id='word_1_158' title='bbox 737 1963 797 2009; x_wconf 89' lang='lat' dir='ltr'>Et</span> <span class='ocrx_word' id='word_1_159' title='bbox 829 1975 988 2008; x_wconf 89' lang='lat' dir='ltr'>omnes</span> <span class='ocrx_word' id='word_1_160' title='bbox 1012 1963 1099 2007; x_wconf 90' lang='lat' dir='ltr'>hoc</span> <span class='ocrx_word' id='word_1_161' title='bbox 1125 1962 1338 2007; x_wconf 85' lang='lat' dir='ltr'>doctores</span> <span class='ocrx_word' id='word_1_162' title='bbox 1367 1962 1667 2020; x_wconf 84' lang='lat' dir='ltr'>perpendisse</span> <span class='ocrx_word' id='word_1_163' title='bbox 1697 1964 1935 2026; x_wconf 88' lang='lat' dir='ltr'>videntur,</span> 
     </span>
     <span class='ocr_line' id='line_1_22' title="bbox 298 2034 1932 2094; baseline 0.001 -10"><span class='ocrx_word' id='word_1_164' title='bbox 298 2038 535 2084; x_wconf 84' lang='lat' dir='ltr'>cantiones</span> <span class='ocrx_word' id='word_1_165' title='bbox 559 2038 761 2083; x_wconf 88' lang='lat' dir='ltr'>illustres</span> <span class='ocrx_word' id='word_1_166' title='bbox 785 2036 1060 2094; x_wconf 86' lang='lat' dir='ltr'>incipientes</span> <span class='ocrx_word' id='word_1_167' title='bbox 1085 2035 1141 2081; x_wconf 89' lang='lat' dir='ltr'>ab</span> <span class='ocrx_word' id='word_1_168' title='bbox 1164 2035 1254 2091; x_wconf 80' lang='lat' dir='ltr'>illo,</span> <span class='ocrx_word' id='word_1_169' title='bbox 1278 2041 1331 2081; x_wconf 92' lang='lat' dir='ltr'>ut</span> <span class='ocrx_word' id='word_1_170' title='bbox 1354 2034 1585 2081; x_wconf 89' lang='lat' dir='ltr'>Gerardus</span> <span class='ocrx_word' id='word_1_171' title='bbox 1610 2035 1666 2082; x_wconf 91' lang='lat' dir='ltr'>de</span> <span class='ocrx_word' id='word_1_172' title='bbox 1689 2035 1932 2086; x_wconf 86' lang='lat' dir='ltr'>Bornello:</span> 
     </span>
    </p>
   </div>
   <div class='ocr_carea' id='block_1_6' title="bbox 695 2137 1534 2178">
    <p class='ocr_par' dir='ltr' id='par_1_6' title="bbox 695 2137 1534 2178">
     <span class='ocr_line' id='line_1_23' title="bbox 695 2137 1534 2178; baseline 0.001 -4"><span class='ocrx_word' id='word_1_173' title='bbox 695 2159 710 2174; x_wconf 63' lang='lat' dir='ltr'>a</span> <span class='ocrx_word' id='word_1_174' title='bbox 738 2141 814 2178; x_wconf 83' lang='lat' dir='ltr'>Ara</span> <span class='ocrx_word' id='word_1_175' title='bbox 842 2140 1008 2177; x_wconf 78' lang='lat' dir='ltr'>auziretz</span> <span class='ocrx_word' id='word_1_176' title='bbox 1036 2138 1248 2176; x_wconf 82' lang='lat' dir='ltr'>encabalitz</span> <span class='ocrx_word' id='word_1_177' title='bbox 1275 2137 1491 2175; x_wconf 57' lang='lat' dir='ltr'>chaman-az</span> <span class='ocrx_word' id='word_1_178' title='bbox 1519 2155 1534 2170; x_wconf 78' lang='grc' dir='ltr'>ι</span> 
     </span>
    </p>
   </div>
   <div class='ocr_carea' id='block_1_7' title="bbox 293 2251 1932 2682">
    <p class='ocr_par' dir='ltr' id='par_1_7' title="bbox 293 2251 1932 2682">
     <span class='ocr_line' id='line_1_24' title="bbox 297 2251 1932 2317; baseline -0.005 -11"><span class='ocrx_word' id='word_1_179' title='bbox 297 2259 428 2316; x_wconf 89' lang='lat' dir='ltr'>Quod</span> <span class='ocrx_word' id='word_1_180' title='bbox 455 2268 642 2304; x_wconf 86' lang='lat' dir='ltr'>carmen</span> <span class='ocrx_word' id='word_1_181' title='bbox 667 2255 776 2300; x_wconf 90' lang='lat' dir='ltr'>licet</span> <span class='ocrx_word' id='word_1_182' title='bbox 802 2252 1148 2311; x_wconf 86' lang='lat' dir='ltr'>decasyllabum</span> <span class='ocrx_word' id='word_1_183' title='bbox 1169 2251 1404 2309; x_wconf 86' lang='lat' dir='ltr'>videatur,</span> <span class='ocrx_word' id='word_1_184' title='bbox 1430 2252 1691 2298; x_wconf 89' lang='lat' dir='ltr'>secundum</span> <span class='ocrx_word' id='word_1_185' title='bbox 1715 2252 1784 2299; x_wconf 90' lang='lat' dir='ltr'>rei</span> <span class='ocrx_word' id='word_1_186' title='bbox 1809 2254 1932 2317; x_wconf 72' lang='lat' dir='ltr'>veri-</span> 
     </span>
     <span class='ocr_line' id='line_1_25' title="bbox 297 2324 1932 2389; baseline -0.005 -10"><span class='ocrx_word' id='word_1_187' title='bbox 297 2340 459 2389; x_wconf 82' lang='lat' dir='ltr'>tatem,</span> <span class='ocrx_word' id='word_1_188' title='bbox 484 2327 892 2386; x_wconf 82' lang='lat' dir='ltr'>endecasyllabum</span> <span class='ocrx_word' id='word_1_189' title='bbox 924 2331 1025 2382; x_wconf 65' lang='lat' dir='ltr'>est,</span> <span class='ocrx_word' id='word_1_190' title='bbox 1067 2336 1174 2370; x_wconf 85' lang='lat' dir='ltr'>nam</span> <span class='ocrx_word' id='word_1_191' title='bbox 1214 2324 1319 2371; x_wconf 86' lang='lat' dir='ltr'>duae</span> <span class='ocrx_word' id='word_1_192' title='bbox 1361 2329 1666 2371; x_wconf 86' lang='lat' dir='ltr'>consonantes</span> <span class='ocrx_word' id='word_1_193' title='bbox 1706 2330 1932 2372; x_wconf 76' lang='lat' dir='ltr'>extremae</span> 
     </span>
     <span class='ocr_line' id='line_1_26' title="bbox 294 2396 1932 2459; baseline -0.007 -7"><span class='ocrx_word' id='word_1_194' title='bbox 294 2419 390 2453; x_wconf 91' lang='lat' dir='ltr'>non</span> <span class='ocrx_word' id='word_1_195' title='bbox 433 2409 543 2449; x_wconf 87' lang='lat' dir='ltr'>sunt</span> <span class='ocrx_word' id='word_1_196' title='bbox 575 2403 631 2448; x_wconf 90' lang='lat' dir='ltr'>de</span> <span class='ocrx_word' id='word_1_197' title='bbox 663 2400 837 2459; x_wconf 85' lang='lat' dir='ltr'>syllaba</span> <span class='ocrx_word' id='word_1_198' title='bbox 868 2398 1179 2457; x_wconf 87' lang='lat' dir='ltr'>praecedente.</span> <span class='ocrx_word' id='word_1_199' title='bbox 1213 2396 1272 2444; x_wconf 89' lang='lat' dir='ltr'>Et</span> <span class='ocrx_word' id='word_1_200' title='bbox 1301 2397 1413 2444; x_wconf 89' lang='lat' dir='ltr'>licet</span> <span class='ocrx_word' id='word_1_201' title='bbox 1448 2396 1682 2455; x_wconf 86' lang='lat' dir='ltr'>propriam</span> <span class='ocrx_word' id='word_1_202' title='bbox 1722 2397 1932 2444; x_wconf 83' lang='lat' dir='ltr'>vocalem</span> 
     </span>
     <span class='ocr_line' id='line_1_27' title="bbox 293 2470 1929 2533; baseline -0.007 -7"><span class='ocrx_word' id='word_1_203' title='bbox 293 2492 388 2526; x_wconf 91' lang='lat' dir='ltr'>non</span> <span class='ocrx_word' id='word_1_204' title='bbox 412 2478 627 2533; x_wconf 85' lang='lat' dir='ltr'>habeant,</span> <span class='ocrx_word' id='word_1_205' title='bbox 658 2475 887 2522; x_wconf 87' lang='lat' dir='ltr'>virtutem</span> <span class='ocrx_word' id='word_1_206' title='bbox 914 2472 1103 2531; x_wconf 75' lang='lat' dir='ltr'>syllabae</span> <span class='ocrx_word' id='word_1_207' title='bbox 1134 2484 1228 2518; x_wconf 91' lang='lat' dir='ltr'>non</span> <span class='ocrx_word' id='word_1_208' title='bbox 1268 2476 1424 2517; x_wconf 92' lang='lat' dir='ltr'>tamen</span> <span class='ocrx_word' id='word_1_209' title='bbox 1454 2470 1692 2516; x_wconf 87' lang='lat' dir='ltr'>amittunt.</span> <span class='ocrx_word' id='word_1_210' title='bbox 1737 2470 1929 2527; x_wconf 85' lang='lat' dir='ltr'>Signum</span> 
     </span>
     <span class='ocr_line' id='line_1_28' title="bbox 293 2542 1930 2606; baseline -0.005 -7"><span class='ocrx_word' id='word_1_211' title='bbox 293 2558 452 2598; x_wconf 88' lang='lat' dir='ltr'>autem</span> <span class='ocrx_word' id='word_1_212' title='bbox 478 2556 563 2606; x_wconf 90' lang='lat' dir='ltr'>est,</span> <span class='ocrx_word' id='word_1_213' title='bbox 589 2547 715 2606; x_wconf 87' lang='lat' dir='ltr'>quod</span> <span class='ocrx_word' id='word_1_214' title='bbox 745 2546 942 2592; x_wconf 88' lang='lat' dir='ltr'>rithmus</span> <span class='ocrx_word' id='word_1_215' title='bbox 972 2544 1033 2590; x_wconf 90' lang='lat' dir='ltr'>ibi</span> <span class='ocrx_word' id='word_1_216' title='bbox 1073 2556 1165 2590; x_wconf 88' lang='lat' dir='ltr'>una</span> <span class='ocrx_word' id='word_1_217' title='bbox 1204 2542 1353 2591; x_wconf 88' lang='lat' dir='ltr'>vocali</span> <span class='ocrx_word' id='word_1_218' title='bbox 1389 2542 1647 2601; x_wconf 83' lang='lat' dir='ltr'>perficitur,</span> <span class='ocrx_word' id='word_1_219' title='bbox 1680 2543 1806 2602; x_wconf 87' lang='lat' dir='ltr'>quod</span> <span class='ocrx_word' id='word_1_220' title='bbox 1829 2556 1930 2590; x_wconf 85' lang='lat' dir='ltr'>esse</span> 
     </span>
     <span class='ocr_line' id='line_1_29' title="bbox 293 2615 1578 2682; baseline -0.008 -12"><span class='ocrx_word' id='word_1_221' title='bbox 293 2637 389 2670; x_wconf 90' lang='lat' dir='ltr'>non</span> <span class='ocrx_word' id='word_1_222' title='bbox 413 2627 584 2682; x_wconf 87' lang='lat' dir='ltr'>posset,</span> <span class='ocrx_word' id='word_1_223' title='bbox 610 2619 698 2666; x_wconf 90' lang='lat' dir='ltr'>nisi</span> <span class='ocrx_word' id='word_1_224' title='bbox 722 2619 902 2665; x_wconf 87' lang='lat' dir='ltr'>virtute</span> <span class='ocrx_word' id='word_1_225' title='bbox 928 2616 1119 2663; x_wconf 88' lang='lat' dir='ltr'>alterius</span> <span class='ocrx_word' id='word_1_226' title='bbox 1140 2616 1199 2662; x_wconf 89' lang='lat' dir='ltr'>ibi</span> <span class='ocrx_word' id='word_1_227' title='bbox 1224 2615 1578 2662; x_wconf 84' lang='lat' dir='ltr'>subintellectae.</span> 
     </span>
    </p>
   </div>
   <div class='ocr_carea' id='block_1_8' title="bbox 290 2731 2002 2834">
    <p class='ocr_par' dir='ltr' id='par_1_8' title="bbox 290 2731 2002 2834">
     <span class='ocr_line' id='line_1_30' title="bbox 334 2731 2002 2834; baseline -0.003 -57"><span class='ocrx_word' id='word_1_228' title='bbox 334 2741 349 2768; x_wconf 81' lang='lat'>¹</span> <span class='ocrx_word' id='word_1_229' title='bbox 374 2738 830 2789; x_wconf 74' lang='lat' dir='ltr'>etpondus‚sottintendi‚</span> <span class='ocrx_word' id='word_1_230' title='bbox 852 2736 1071 2784; x_wconf 75' lang='lat' dir='ltr'>multiplica·</span> <span class='ocrx_word' id='word_1_231' title='bbox 1145 2787 1158 2834; x_wconf 56' lang='grc' dir='ltr'>ί</span> <span class='ocrx_word' id='word_1_232' title='bbox 1191 2734 1209 2760; x_wconf 80' lang='lat'>²</span> <span class='ocrx_word' id='word_1_233' title='bbox 1235 2734 1310 2834; x_wconf 48' lang='grc' dir='ltr'>εἶα</span> <span class='ocrx_word' id='word_1_234' title='bbox 1346 2735 1484 2772; x_wconf 75' lang='lat' dir='ltr'>udirece</span> <span class='ocrx_word' id='word_1_235' title='bbox 1508 2735 1757 2782; x_wconf 77' lang='lat' dir='ltr'>persezionati</span> <span class='ocrx_word' id='word_1_236' title='bbox 1788 2738 1936 2773; x_wconf 76' lang='lat' dir='ltr'>cantari</span> <span class='ocrx_word' id='word_1_237' title='bbox 1960 2773 1967 2781; x_wconf 22' lang='lat' dir='ltr'><strong>X</strong></span> <span class='ocrx_word' id='word_1_238' title='bbox 1996 2731 2002 2754; x_wconf 69' lang='lat'>&#39;-</span> 
     </span>
     <span class='ocr_line' id='line_1_31' title="bbox 290 2794 1291 2830; baseline -0.007 -2"><span class='ocrx_word' id='word_1_239' title='bbox 290 2797 363 2830; x_wconf 72' lang='grc' dir='ltr'>ταν.</span> <span class='ocrx_word' id='word_1_240' title='bbox 1161 2794 1229 2823; x_wconf 83' lang='lat' dir='ltr'>can</span> <span class='ocrx_word' id='word_1_241' title='bbox 1253 2796 1259 2821; x_wconf 83' lang='lat' dir='ltr'>i</span> <span class='ocrx_word' id='word_1_242' title='bbox 1284 2813 1291 2820; x_wconf 93' lang='lat'><strong><em>.</em></strong></span> 
     </span>
    </p>
   </div>
  </div>
 </body>
</html>
