2054 3262
266 157 354 203 284
897 163 1044 201 LlBER
1074 165 1270 204 6111111115.

265 259 391 317 quod
414 264 483 305 est
507 256 798 317 impossihile.
817 259 919 306 Non
941 265 1011 306 est
1037 271 1146 317 ergo
1172 260 1245 307 vis
1269 261 1432 307 ultima
1457 261 1506 307 in
1529 262 1731 320 homine,
1750 264 1903 323 ipsum

265 347 363 380 esse
395 333 667 392 simpliciter
698 340 954 392 sumptum,
987 333 1095 392 quia
1117 338 1173 397 ¹et
1205 333 1271 380 516
1302 340 1544 392 sumptum
1573 335 1632 383 ab
1661 335 1905 382 elementis

268 408 599 467 participatur:
634 420 722 454 nec
754 419 852 454 esse
886 408 1325 467 complexionatum,
1353 409 1463 466 quia
1487 414 1534 455 et
1558 409 1645 456 hoc
1668 409 1904 468 reperitur

268 483 315 530 in
339 484 651 530 naturalibus:
675 496 764 530 1166
785 496 883 530 6556
909 484 1181 539 61111116111111,
1208 484 1315 542 quia
1340 484 1406 531 sic
1432 489 1479 530 61
1509 484 1559 530 111
1589 483 1788 542 plantis:
1814 496 1904 530 1166

268 569 367 602 6556
390 556 794 614 apprehensivum,
821 555 926 615 quia
953 555 1019 601 sic
1048 562 1094 602 et
1119 569 1144 601 a
1171 556 1322 602 brutis
1348 557 1678 614 participatur:
1698 556 1781 602 sed
1805 569 1906 603 6556

267 629 659 687 apprehensivum
684 641 766 686 per
791 628 1085 674 intellectum
1111 627 1414 686 possibilem,1
1442 629 1567 686 quod
1591 628 1782 686 quidem
1806 640 1906 674 esse

268 703 383 748 nulli
425 703 482 747 ab
522 702 707 747 homine
739 702 824 747 alio
859 701 1079 759 competit
1112 702 1189 748 vel
1220 713 1358 758 supra
1389 701 1466 748 vel
1499 700 1633 747 infra.
1667 700 1784 746 Nam
1816 701 1904 748 etsi

269 774 367 819 ,11166
409 779 519 819 511111
562 774 772 819 6556111166
814 774 1106 819 111161166111111
1137 773 1486 832 participanteS,
1518 786 1614 820 non
1646 780 1805 821 tamen
1835 774 1905 821 in-

269 846 485 893 tellectus
517 859 678 892 earum
709 853 779 893 651
811 847 1037 904 possibilis
1069 852 1122 893 ut
1151 847 1360 893 hominis
1397 849 1511 904 Quia
1544 847 1758 895 essentiae
1792 849 1909 895 tales
1971 895 1974 898 ,
2039 834 2042 836 v

268 921 445 979 species
478 921 692 978 quaedam
723 926 834 966 sunt
866 920 1218 976 intellectualeS,
1252 925 1299 967 et
1341 933 1437 966 non
1470 922 1594 968 aliud
1606 935 1621 979 3
1655 928 1703 968 61
1746 935 1908 969 earum

269 1005 366 1039 6556
400 993 462 1038 nil
495 994 617 1039 aliud
649 999 735 1051 est,
768 1006 907 1052 quam
939 994 1222 1051 intelligere:
1255 994 1370 1052 quid
1407 999 1477 1040 est
1509 994 1637 1053 quod
1666 999 1778 1040 sunt
1809 994 1909 1040 sine

269 1068 640 1125 interpolatione,
657 1068 790 1114 aliter
815 1068 1114 1125 sempiternae
1140 1081 1234 1113 non
1260 1073 1427 1113 essent.
1446 1068 1582 1114 Patet
1609 1067 1766 1125 igitur,
1784 1068 1911 1126 quod

269 1141 490 1188 ultimum
507 1143 561 1187 de
586 1142 791 1200 potentia
807 1142 949 1200 ipsius
971 1141 1285 1199 humanitatiS,
1308 1148 1378 1187 est
1400 1141 1608 1200 potentia
1634 1141 1735 1188 sive
1755 1141 1929 1188 virtus·
1974 1128 1988 1173 s

272 1210 574 1260 intellectiva.
598 1214 656 1259 Et
680 1214 786 1272 quia
811 1214 1017 1272 potentia
1043 1214 1128 1259 ista
1154 1227 1238 1272 per
1264 1226 1413 1259 unum
1437 1214 1689 1270 hominem,
1715 1226 1801 1260 5611
1827 1226 1913 1272 per

273 1288 472 1346 aliquam
503 1287 854 1345 particularium
887 1287 1278 1333 communitatum
1317 1287 1534 1345 superius
1567 1286 1912 1343 distinctarum,

273 1366 370 1406 tota
401 1360 537 1405 simul
568 1359 616 1404 in
649 1365 808 1404 actum
834 1359 996 1404 reduci
1022 1371 1116 1404 non
1142 1363 1312 1416 potest,
1338 1371 1529 1405 necesse
1555 1365 1624 1406 est
1649 1361 1913 1408 multitudi-

274 1444 383 1477 nem
413 1445 513 1476 esse
544 1432 592 1476 in
622 1432 824 1477 humano
857 1443 1043 1488 genere,
1069 1443 1154 1489 per
1186 1444 1326 1490 quam
1351 1432 1542 1490 quidem
1574 1437 1671 1478 tota
1702 1433 1912 1491 potentia

275 1505 376 1549 'ziaec
407 1510 640 1549 actuetur.
678 1504 807 1550 Sicut
839 1516 1029 1550 11666556
1062 1512 1132 1550 651
1157 1505 1509 1551 multitudinem
1532 1517 1696 1551 rerum
1720 1518 1913 1563 genera-

278 1576 454 1632 bilium,
487 1581 541 1621 ut
573 1577 780 1634 potentia
811 1581 909 1622 tota
939 1576 1150 1622 materiae
1179 1577 1343 1634 primae
1374 1589 1559 1636 semper
1585 1578 1673 1623 sub
1694 1584 1805 1624 actu
1829 1579 1911 1625 sit:

277 1648 411 1693 aliter
431 1653 551 1693 esset
569 1649 676 1693 dare
702 1648 958 1706 potentiam
983 1654 1264 1707 separatam:
1294 1650 1420 1707 quod
1447 1655 1516 1696 651
1541 1649 1834 1709 impossibile.
1852 1651 1914 1699 Et

278 1721 387 1767 huic
425 1721 671 1767 sententiae
716 1721 966 1767 concordat
1011 1721 1244 1778 AverroiS,
1284 1722 1334 1766 in
1373 1727 1637 1768 commento
1674 1734 1816 1781 super
1860 1724 1916 1770 iis

280 1805 387 1851 quae
415 1794 469 1838 de
495 1794 672 1838 anima:
700 1794 908 1851 potentia
934 1794 1073 1838 etiam
1098 1793 1401 1850 intellectiva,
1429 1794 1486 1839 de
1511 1806 1602 1852 qua
1624 1794 1803 1854 loquor,
1821 1809 1916 1842 non

279 1869 428 1914 solum
460 1874 528 1914 est
560 1870 618 1913 ad
642 1869 810 1914 formas
835 1867 1141 1924 universales,
1168 1874 1247 1913 aut
1273 1868 1464 1926 species,
1491 1868 1572 1914 sed
1593 1874 1639 1915 61
1662 1881 1748 1927 per
1767 1883 1915 1929 quan-

281 1942 386 1986 dam
418 1942 738 1988 extensionem
769 1942 826 1986 ad
858 1942 1175 1999 particulares.
1203 1941 1333 1986 Unde
1359 1942 1472 1986 solet
1501 1941 1606 1998 dici,
1633 1942 1757 1999 quod
1781 1943 1915 1989 intel·

281 2015 431 2061 lectus
448 2015 764 2073 speculativus
785 2015 1057 2060 extensione
1074 2014 1126 2059 fit
1144 2013 1401 2072 practicus:
1423 2012 1555 2070 cujus
1572 2012 1677 2059 finis
1693 2019 1762 2060 est
1777 2026 1914 2072 agere

282 2093 422 2145 atque
438 2088 615 2134 facere:
636 2088 761 2146 quod
779 2087 880 2133 dico
897 2093 1090 2145 propter
1111 2085 1306 2144 agibilia,
1329 2097 1435 2144 quae
1457 2085 1642 2143 politica
1666 2086 1914 2144 prudentia

280 2164 582 2222 regulantur3
626 2170 673 2210 et
710 2164 901 2222 propter
931 2161 1162 2217 factibilia,
1196 2173 1303 2218 quae
1335 2161 1611 2217 regulantur
1642 2166 1774 2207 arte:
1807 2173 1913 2220 quae

281 2240 433 2286 omnia
462 2239 765 2298 speculationi
798 2238 1076 2285 ancillantur
1108 2243 1331 2294 tanquam
1361 2236 1551 2294 optimo,
1582 2236 1642 2281 ad
1671 2236 1797 2294 quod
1825 2236 1915 2281 hu-

279 2326 470 2360 manum
511 2325 656 2370 genus
696 2312 841 2370 prima
886 2311 1066 2357 bonitas
1108 2312 1155 2355 in
1187 2322 1285 2356 esse
1319 2309 1558 2368 produxit.
1593 2308 1668 2355 Ex
1700 2321 1793 2368 quo
1819 2307 1917 2367 jam

283 2389 556 2436 innotescit
564 2389 676 2435 illud
709 2387 933 2444 Politicae,
966 2386 1210 2433 intellectu
1241 2385 1418 2432 scilicet
1444 2385 1659 2442 vigentes
1696 2384 1793 2430 aliis
1835 2397 1916 2430 na·

285 2462 499 2510 turaliter
530 2460 793 2519 principari.

372 2534 463 2599 §V.
487 2535 603 2581 Satis
619 2535 761 2591 igitur
779 2532 1065 2578 declaratum
1087 2536 1172 2588 651,
1194 2530 1321 2589 quod
1337 2542 1478 2588 propi
1481 2530 1577 2576 ium
1593 2541 1709 2588 opus
1724 2498 1915 2576 humani

284 2610 467 2670 generis
498 2608 701 2655 totaliter
731 2605 929 2663 accepti,
964 2610 1031 2650 est
1062 2608 1251 2650 actuare
1275 2614 1458 2660 semper
1485 2608 1630 2648 totam
1653 2602 1914 2661 potentiam

322 2727 338 2753 1
366 2725 610 2763 L'intelletto
634 2733 772 2760 umano
796 2732 860 2759 era
884 2723 989 2758 detto
1006 2722 1072 2758 da·
1133 2721 1235 2766 quod
1261 2722 1398 2765 potens
1422 2721 1474 2756 sit
1495 2721 1670 2768 recipere
1692 2730 1823 2759 rerum
1845 2730 1924 2759 om·

277 2779 331 2823 gli
355 2777 554 2814 Scolastici
571 2776 770 2812 intellectus
782 2774 978 2822 possibilis,
992 2788 1009 2808 «
1023 2783 1070 2810 eo
1134 2775 1240 2809 nium
1264 2771 1430 2819 species.
1455 2782 1476 2805 ι
