2054 3262
823 153 966 190 mmo
996 155 1159 194 emmo,
1708 155 1793 203 285

182 249 482 310 specificam
513 260 538 294 e
569 251 717 308 questo
756 249 779 294 ἑ
819 250 1106 305 impossibile.
1149 254 1252 301 Non
1291 257 1314 301 e'
1337 256 1546 314 adunque
1581 258 1614 302 l'
1630 260 1794 305 ultima

181 323 317 382 forsa
347 322 473 368 'nello
505 332 635 367 aomo
673 320 708 364 l'
724 331 868 365 essere
911 321 1266 376 semplieemente
1312 339 1456 383 preso‚
1498 333 1660 386 perche
1704 334 1793 378 eost

179 399 313 444 sunto
336 397 360 442 e
385 407 564 443 ancora
601 395 701 453 aqli
737 394 943 439 elementi
977 407 1162 441 comune
1177 409 1193 442 :
1217 400 1273 443 ne‘
1290 402 1431 446 ano-lie.
1460 403 1645 448 l’essere
1680 418 1791 450 eom-

173 468 465 527 plessionato,
491 466 657 524 perche
671 469 815 524 questo
840 477 1017 510 ancora
1041 467 1160 511 nelle
1185 480 1281 513 cose
1302 472 1514 516 naturali
1538 475 1577 517 si
1601 478 1790 520 truova:

176 539 238 585 ω’
276 537 309 583 λ’
326 549 470 583 essere
498 537 717 591 animato,
756 536 923 593 perche
964 538 1053 582 cosi
1090 538 1112 582 e
1149 551 1327 585 ancora
1361 543 1479 587 nelle
1510 546 1695 599 piante:
1734 548 1792 592 ne

180 613 216 660 Γ
232 623 378 658 essere
413 611 700 668 apprensivo‚
739 610 902 666 perche*
924 614 1071 668 questo
1096 613 1118 656 e
1143 625 1321 658 ancora
1353 615 1422 658 ne'
1441 615 1596 661 bruti:
1629 631 1705 662 ma
1731 631 1792 662 es-

177 695 278 731 sere
315 684 589 740 apprensivo
617 695 705 740 per
729 683 771 728 lo
803 684 1016 729 intelletlo
1050 685 1292 740 possibile;
1317 688 1352 730 il
1376 688 1508 744 quale
1531 701 1673 734 essere
1702 704 1793 734 non

177 759 221 803 si
240 757 452 802 conviene
475 754 538 800 ad
573 755 747 800 alcuna
767 766 870 800 cosa
895 768 919 800 o
943 758 1181 813 superiore
1218 771 1242 802 o
1264 760 1487 816 inferiore
1523 773 1569 805 se
1591 774 1681 806 non
1717 764 1793 808 ohe

177 827 274 875 allo
295 839 439 873 aomo.
462 828 507 872 E
525 827 686 872 benche
710 829 833 872 sieno
851 830 972 874 altre
1008 832 1203 875 essenzie
1228 831 1304 876 che
1335 832 1630 888 participano
1661 835 1791 878 intel-

165 898 294 953 -Ισαο,
331 898 659 944 nientedimeno
686 898 727 942 lo
754 898 964 945 intelletto
982 899 1080 945 loro
1104 913 1192 945 non
1215 903 1256 947 si
1290 901 1390 948 dice
1422 904 1635 948 intelletlo
1653 906 1793 960 possi·

176 970 266 1017 bile
302 982 422 1016 come
457 970 604 1029 quello
647 970 763 1015 dello
801 983 944 1019 uomo.
989 970 1158 1017 Perche
1196 974 1283 1019 tali
1320 978 1516 1021 essenzie
1544 989 1649 1021 sono
1676 981 1793 1021 certe

48 1031 58 1041 ᾗ
112 1045 114 1047 ’
175 1043 324 1101 spe-zie
349 1041 641 1087 intellettnali
663 1054 686 1086 e
709 1054 800 1086 non
823 1042 944 1087 altro
959 1055 982 1095 ;
1019 1056 1042 1088 e
1078 1044 1112 1089 l'
1129 1056 1272 1090 essere
1293 1045 1390 1090 loro
1419 1059 1509 1090 non
1530 1048 1688 1092 e‘allro
1714 1048 1791 1092 ohe

177 1115 409 1162 intendere
427 1127 443 1159 .·
468 1115 512 1159 lo
537 1115 613 1160 che
632 1116 655 1160 e
675 1115 776 1173 quel
797 1115 964 1160 clt'elle
984 1127 1088 1160 sono
1111 1128 1257 1162 sanza
1282 1118 1627 1174 intermisssone,
1662 1121 1794 1165 altri-

177 1188 317 1234 menti
340 1199 430 1232 non
455 1185 699 1232 sarebbono
722 1190 885 1231 eterne.
913 1187 1000 1232 Per
1023 1191 1169 1245 questo
1206 1190 1228 1233 e
1264 1191 1512 1245 manifesto,
1539 1191 1616 1235 ohe
1640 1191 1670 1234 l'
1687 1193 1793 1236 ulti-

175 1270 253 1306 mo·
270 1258 394 1305 della
419 1262 611 1316 potenza
651 1271 825 1304 amana
866 1260 889 1304 e
909 1263 1101 1316 potenza
1123 1274 1146 1306 o
1171 1262 1295 1306 virtit
1318 1262 1596 1308 intellectiva.
1624 1265 1667 1307 E
1682 1277 1792 1320 per-

176 1331 257 1378 che
291 1335 445 1391 questa
482 1331 692 1388 potenzia
733 1343 816 1387 per
851 1343 942 1376 nno
979 1344 1124 1387 aomo,
1150 1345 1174 1377 o
1195 1345 1278 1389 per
1309 1334 1481 1379 ateana
1506 1336 1793 1390 particolare.

177 1404 534 1462 eonyreqazione
570 1403 620 1447 di
654 1404 845 1458 nomini,
876 1407 987 1448 tutta
1019 1416 1109 1449 non
1134 1407 1222 1461 pao
1245 1417 1388 1450 essere
1412 1407 1460 1451 in
1486 1411 1575 1452 atto
1605 1408 1788 1462 ridolto,

175 1475 203 1520 ἑ
222 1476 481 1520 necessario
506 1475 583 1520 ohe
604 1476 677 1520 sia
700 1475 984 1520 mollitudine
1006 1476 1131 1521 nella
1165 1489 1339 1521 amana
1370 1478 1685 1533 qenerazione‚
1709 1490 1793 1533 per

181 1548 233 1593 la
266 1547 401 1606 quale
423 1550 538 1592 tutta
572 1547 620 1592 la
639 1549 854 1604 potenzia
896 1561 980 1592 sua
1005 1550 1054 1593 in
1091 1561 1180 1595 uno
1202 1553 1290 1594 atto
1320 1551 1361 1594 si
1384 1551 1564 1595 ridaoa.
1595 1551 1690 1595 Cosi
1712 1562 1794 1594 an-

181 1632 292 1666 oora
322 1621 346 1665 ἑ
370 1622 626 1666 necessario
657 1621 734 1665 che
765 1623 838 1665 sia
863 1621 979 1666 nelle
1020 1634 1115 1666 cose
1141 1622 1216 1667 ohe
1239 1622 1274 1666 s’
1294 1623 1572 1678 inqenerano
1596 1622 1791 1667 mollitu-

179 1691 301 1745 dine,
339 1692 470 1737 accio
506 1691 583 1737 ohe
621 1695 734 1737 tutta
769 1692 817 1737 la
850 1694 1058 1748 potenzia
1094 1693 1218 1738 della
1256 1695 1452 1738 materia
1494 1696 1648 1750 prima
1686 1698 1792 1740 sotlo

184 1763 320 1810 l’atto
356 1776 532 1821 sempre
567 1766 665 1818 sia,·
704 1766 959 1812 altrimenti
987 1766 1169 1811 sarebbe
1206 1779 1301 1811 una
1326 1769 1536 1823 potenzia
1578 1767 1791 1812 dall’atlo

177 1836 491 1892 separata,'la
523 1836 633 1894 qual
671 1849 774 1882 cosa
815 1838 838 1881 e
876 1837 1162 1892 impossibile.
1207 1838 1261 1881 ln
1294 1841 1445 1895 questa
1474 1839 1706 1882 sentenzia
1742 1838 1793 1894 sa

179 1905 388 1952 Averroe
406 1908 481 1952 nel
502 1907 704 1954 Cmnento
728 1908 836 1954 dell'
853 1909 1026 1954 anima.
1058 1909 1334 1953 Certamente
1359 1910 1407 1953 la
1428 1911 1640 1965 potenzia
1667 1909 1794 1954 intel-

178 1977 349 2031 lettiva,
372 1978 496 2024 della
518 1980 651 2037 quale
674 1982 718 2025 io
739 1981 889 2037 parto,
913 1993 1003 2025 non
1027 1981 1118 2026 solo
1141 1982 1183 2025 si
1207 1981 1392 2025 dirizza
1410 1981 1505 2028 ulle
1524 1981 1667 2037 forme
1689 1983 1793 2025 uni·

179 2049 349 2094 versali
386 2063 410 2096 e
450 2051 546 2096 alle
579 2052 742 2107 spezie,
767 2063 844 2096 ma
882 2050 1095 2096 eziandio
1135 2051 1227 2096 alle
1261 2052 1545 2108 partiookdri
1575 2063 1662 2107 per
1695 2064 1790 2096 nna

178 2123 308 2179 certa
335 2121 590 2175 estensione,
628 2122 723 2167 εἰοὲ
747 2121 1099 2167 distendimento.
1141 2122 1266 2167 Onde
1283 2154 1287 2159 -
1302 2124 1344 2168 si
1367 2123 1491 2167 saole
1523 2123 1626 2167 dire
1649 2123 1726 2168 che
1750 2125 1792 2168 lo

180 2192 394 2237 intelletto
412 2193 688 2249 speculativo
711 2205 795 2250 per
818 2195 1060 2239 estensione
1083 2194 1264 2239 diventa
1286 2195 1500 2240 intelletto
1523 2197 1732 2251 pratico:
1754 2196 1791 2239 il

179 2264 268 2314 fine
289 2263 362 2309 del
381 2265 514 2323 quale
538 2266 561 2311 ἑ
585 2268 782 2312 trattare
806 2280 828 2312 e
865 2268 983 2324 sare.
1026 2269 1256 2322 Traltare,
1284 2267 1397 2321 dieo,
1433 2266 1794 2323 prudentemente

181 2334 339 2382 lecese
361 2335 506 2390 civili,
537 2348 561 2380 e
578 2337 683 2394 sare
705 2349 789 2383 eon
827 2342 928 2383 arte
952 2339 994 2383 le
1015 2350 1111 2384 cose
1134 2339 1451 2392 mecoaniche;
1476 2339 1516 2383 le
1538 2339 1667 2396 quali
1693 2350 1789 2383 cose

179 2410 287 2455 tutte
319 2420 507 2454 servono
526 2409 622 2455 allo
655 2422 785 2455 aomo
809 2410 1135 2466 contemplante
1177 2422 1295 2455 come
1318 2422 1351 2457 a
1387 2412 1538 2455 ottimo
1576 2413 1702 2464 stato,
1743 2409 1793 2453 al

178 2477 315 2541 quale
338 2481 387 2526 la
410 2481 566 2537 prima
589 2479 722 2525 bonta
745 2481 797 2526 in
820 2492 963 2525 essere
974 2480 1194 2536 prodiisse
1218 2482 1265 2525 la
1287 2482 1589 2537 yenerazione
1603 2492 1790 2524 ainana.

163 2552 278 2602 ,Per
298 2555 444 2610 questo
468 2551 548 2608 qia
571 2552 595 2596 ἑ
617 2552 853 2608 manifesto
873 2550 1018 2608 quello
1035 2550 1112 2596 che
1129 2551 1255 2596 nella
1275 2550 1464 2596 Politioa
1489 2552 1534 2595 d’
1548 2551 1793 2597 Aristotele

178 2622 371 2683 fistice:
394 2623 472 2670 ohe
493 2623 643 2683 queqli
665 2624 857 2675 nomini,
885 2623 961 2667 che
990 2634 1128 2679 sopra
1152 2622 1218 2679 qli
1243 2622 1357 2668 altri
1381 2623 1532 2668 hanno
1563 2624 1716 2671 vicore
1746 2622 1793 2667 cti

182 2694 412 2751 intellecto,
435 2707 542 2742 sono
561 2695 683 2753 deyli
712 2695 830 2741 altri
851 2707 933 2751 per
956 2698 1132 2740 natura
1156 2696 1344 2752 siqnori.

272 2761 378 2824 §V-
409 2765 548 2812 Assai
586 2768 609 2812 ἑ
647 2766 906 2812 dichiarato
946 2765 1022 2809 ohe
1063 2765 1110 2810 la
1135 2766 1332 2821 propria
1372 2768 1646 2822 operazione
1669 2766 1791 2812 della

183 2847 358 2884 amana
399 2838 697 2895 aenerazione
734 2840 850 2883 tutta
895 2838 1081 2883 insieme
1118 2841 1269 2891 santa,
1311 2838 1333 2882 e
1366 2837 1580 2883 ridacere
1615 2841 1664 2885 in
1702 2842 1793 2885 atto
