2028 3256
199 147 281 193 438
637 152 858 194 QUAESTIO
890 153 951 189 DE
985 151 1115 195 AQUA
1144 155 1207 191 ET
1241 155 1416 193 TERRA.

197 248 322 306 quod
351 246 514 294 rationi
545 245 792 292 obedibiles
821 250 946 301 sunt,
978 246 1254 305 quandoque
1286 259 1311 292 a
1342 246 1527 306 proprio
1551 247 1729 307 impetu
1749 261 1824 296 re·

198 323 463 377 trahuntur,
497 326 549 366 ut
582 326 707 377 patet
740 332 798 365 ex
831 319 976 376 primo
1008 320 1286 367 Ethieorum.

286 393 309 458 ἕ
335 396 426 441 XIX
465 396 523 441 Et
554 395 671 451 ideo,
699 394 804 440 lieet
837 400 973 451 terra,
1005 395 1261 440 seeundum
1286 395 1539 453 simplicem
1564 394 1662 453 eius
1686 402 1817 444 natu-

196 481 310 525 ram,
343 469 581 527 aequaliter
613 473 739 525 petat
767 472 997 522 centrum,
1023 473 1077 512 ut
1104 466 1151 511 in
1171 467 1350 512 ratione
1381 466 1612 513 instantiae
1644 467 1821 514 diceba-

198 547 304 597 tur3
337 542 595 586 seeundum
643 546 796 585 tamen
839 545 1053 585 naturam
1093 541 1322 596 quandam
1353 540 1531 597 patitur
1569 539 1740 587 elevari
1772 540 1818 587 in

196 619 343 670 parte,
376 619 556 658 naturae
588 611 838 658 universali
871 612 1102 667 obediens,
1133 618 1181 657 ut
1214 612 1377 658 mixtio
1408 613 1466 658 sit
1499 612 1749 670 possibilis;
1774 619 1820 659 et

197 687 454 732 seeundum
477 686 579 732 haeo
609 685 816 730 salvatur
848 683 1202 729 concontrioitas
1226 690 1361 730 terrae
1390 690 1436 730 et
1461 697 1594 743 aquae
1609 698 1624 742 3
1647 690 1692 730 et
1715 685 1823 731 nihil

194 760 405 818 sequitur
428 758 701 817 impossibile
722 757 845 816 apud
868 763 996 802 reete
1018 757 1383 814 philosophantes
1396 773 1411 815 3
1438 765 1491 805 ut
1518 764 1643 817 patet
1665 759 1712 804 in
1731 759 1813 806 ista

196 840 358 899 figura.
379 842 445 888 Sit
466 843 633 889 coelum
659 843 806 889 eircu-

195 917 267 962 lus
292 916 338 961 in
370 929 461 974 quo
495 916 548 974 A,
575 929 692 974 aqua
720 916 826 961 eir--

196 989 328 1035 culus
368 988 415 1033 in
445 1002 537 1046 quo
584 989 637 1046 B,
683 995 806 1036 terra

196 1062 399 1107 circulus
434 1062 482 1107 in
512 1075 604 1120 quo
630 1062 686 1117 C;
720 1075 806 1108 nee

194 1134 352 1191 refert,
381 1141 608 1192 quantum
629 1136 684 1180 ad
702 1148 805 1193 pro-

194 1207 394 1264 positum
448 1221 632 1266 verum,
687 1221 806 1266 aqua

199 1294 363 1339 parum
414 1283 490 1329 vel
535 1284 735 1329 multum
780 1299 804 1330 a

195 1362 316 1402 terra
359 1358 526 1404 distare
573 1359 803 1406 videatur.

194 1428 252 1473 Et
284 1429 540 1486 sciendum,
574 1432 697 1488 quod
720 1432 803 1478 ista

195 1508 264 1547 est
295 1515 425 1559 vvera,
460 1505 565 1561 quia
596 1511 665 1551 est
698 1519 808 1564 qua-

195 1574 248 1620 lis
293 1581 362 1622 est
410 1577 555 1623 forma
601 1585 647 1624 et
692 1579 807 1626 situs

193 1650 392 1695 duorum
435 1652 800 1700 elementorum:

190 1722 290 1767 aliae
318 1724 421 1768 duze
440 1727 698 1782 superiores
724 1729 845 1775 falsae
863 1744 877 1787 3
909 1737 956 1777 et
983 1731 1143 1789 positae
1165 1735 1288 1783 sunt,
1313 1742 1405 1775 non
1431 1729 1538 1787 quia
1558 1728 1624 1776 sie
1644 1729 1719 1786 sit,
1741 1721 1824 1775 sed

192 1803 244 1841 ut·
262 1797 427 1843 sentiat
449 1799 641 1857 discens,
665 1807 716 1847 ut
742 1802 815 1848 ille
842 1803 951 1849 dicit
976 1803 1023 1848 in
1050 1803 1198 1861 primo
1220 1804 1455 1849 Priorum.
1474 1802 1533 1849 Et
1551 1803 1676 1860 quod
1697 1808 1820 1848 terra

191 1876 395 1926 emergat
426 1882 508 1927 per
538 1871 725 1929 gibbum
753 1880 799 1920 et
830 1887 922 1920 non
954 1887 1037 1932 per
1069 1875 1318 1921 centralem
1357 1874 1585 1920 circulum
1625 1874 1822 1920 circum-

189 1941 416 1999 ferentiae,
448 1944 809 1994 indubitabiliter
839 1954 981 2006 patet,
1014 1949 1302 1994 considerata
1334 1947 1480 2004 figura
1513 1952 1651 1992 terrae-
1676 1958 1823 1992 emer-

190 2018 352 2073 gentis.
386 2018 500 2063 Nam
526 2018 671 2076 figura
698 2025 834 2066 terrae
868 2021 1147 2078 emergentis
1173 2025 1241 2065 est
1267 2018 1413 2077 figura
1437 2018 1691 2075 semilunii3
1713 2030 1822 2076 qua-

188 2091 242 2135 lis
280 2091 406 2136 nullo
437 2092 571 2136 modo
602 2104 700 2138 osse
730 2098 898 2150 posset,
930 2093 967 2138 si
998 2097 1258 2150 emergeret
1289 2091 1548 2137 secundum
1578 2090 1821 2137 circumfe-

189 2164 386 2210 rentiam
417 2165 691 2223 regularem,
735 2167 835 2213 sive
881 2168 1162 2213 centralem:
1197 2177 1319 2220 nam,
1353 2169 1405 2210 ut
1451 2164 1819 2210 demonstratum

189 2243 257 2283 est
288 2239 336 2283 in
368 2239 724 2285 theorematibus
761 2241 1110 2298 mathematiciS,
1150 2252 1338 2286 necesse
1378 2245 1448 2285 est
1494 2237 1823 2286 circumferen-

188 2310 300 2355 tiam
330 2312 588 2368 regularem
619 2313 811 2370 sphaerae
834 2326 858 2358 a
885 2312 1130 2371 superficie
1155 2313 1302 2371 plana,
1329 2313 1428 2360 sive
1452 2312 1692 2370 sphaerica,
1709 2324 1821 2371 qua-

188 2383 279 2429 lem
304 2391 484 2442 oportet
512 2398 609 2431 esse
639 2386 932 2444 superficiem
962 2399 1112 2445 aquae,
1140 2399 1379 2444 emergere
1403 2398 1587 2444 semper
1612 2397 1720 2432 cum
1740 2384 1818 2432 ho·

188 2460 367 2505 rizonte
399 2459 627 2506 circulari.
660 2460 720 2505 Et
746 2461 869 2518 quod
901 2467 1023 2506 terra
1051 2473 1291 2518 emergens
1313 2461 1475 2506 habeat
1497 2459 1691 2518 figuram
1707 2471 1819 2517 qua·
1846 2504 1853 2506 ,

189 2532 242 2577 lis
268 2538 336 2577 est
367 2532 610 2590 semilunii,
642 2539 769 2591 patet
801 2539 847 2579 et
880 2546 962 2591 per
995 2533 1227 2579 naturales
1257 2534 1313 2579 de
1344 2534 1439 2592 ipsa
1469 2537 1739 2588 tractanteS,
1771 2536 1816 2578 et

188 2619 272 2664 per
301 2607 549 2664 astrologos
579 2607 759 2654 elimata
790 2607 1117 2662 describentes
1154 2613 1200 2653 et
1233 2621 1316 2665 per
1357 2606 1704 2664 cosmographos
1742 2619 1813 2653 re·

188 2680 343 2737 giones
362 2687 500 2727 terrae
526 2695 609 2740 per
634 2694 792 2727 omnes
817 2683 968 2740 plagas
993 2688 1231 2740 ponentes,
1257 2683 1385 2740 Nam,
1410 2687 1463 2728 ut
1486 2680 1746 2727 comuniter
1760 2681 1816 2726 ab

188 2754 401 2799 omnibus
422 2755 632 2811 habetur,
664 2756 765 2802 haee
795 2756 1051 2802 habitabilis
1082 2756 1341 2802 estenditur
1371 2768 1454 2814 per
1478 2755 1646 2800 lineam
1674 2752 1819 2812 longi·

181 2827 358 2872 tudinis
391 2840 415 2872 a
448 2827 661 2885 Gadibus,
693 2842 798 2887 quae
831 2842 969 2887 supra
1017 2830 1238 2876 terminos
1269 2828 1577 2876 occidentales
1615 2828 1672 2875 ab
1701 2828 1816 2875 Her·

187 2900 294 2946 oule
325 2901 527 2959 ponitur,
556 2915 702 2961 usque
732 2903 790 2948 ad
820 2904 933 2950 ostia
964 2903 1167 2950 fluminis
1202 2904 1396 2961 GangeS,
1426 2907 1480 2949 ut
1511 2900 1672 2948 scribit
1703 2899 1815 2950 Oro·
