2054 3262
327 211 413 256 228
927 218 1073 255 LIBER
1105 216 1363 254 SECUNDUS.

328 326 470 359 unam
508 315 787 361 sententiam
820 312 991 370 tragica
1026 310 1301 369 conjugatio,
1334 315 1387 356 ut
1419 323 1501 357 nos
1531 311 1815 358 ostendimus
1850 323 1956 358 cum

331 385 559 432 diximus:
1188 449 1193 451 Π

675 491 691 507 «
720 476 863 522 nonne,
891 475 960 510 che
988 479 1095 510 avete
1123 473 1310 510 intelletto
1339 471 1378 510 di
1405 471 1573 513 Anum-en
1601 490 1616 506 ι·

334 572 394 618 Et
426 572 492 617 sic
517 576 644 629 patet
666 571 791 628 quod
815 571 967 616 cantio
993 570 1069 626 sit,
1097 577 1143 614 et
1169 575 1309 627 prout
1335 559 1564 628 accipitur
1593 571 1882 629 generaliter,
1914 578 1959 619 et

331 651 471 704 prout
497 656 581 703 per
605 643 1071 702 superexcellentiam
1097 654 1318 688 vocamus
1350 655 1464 688 eam.
1500 643 1616 689 Satis
1638 644 1775 690 etiam
1802 650 1960 702 patere

332 719 536 774 videtur,
555 718 666 776 quid
686 717 986 773 intelligimus
1008 727 1117 761 cum
1139 715 1400 760 cantionem
1421 728 1659 774 vocamuS,
1681 721 1728 762 et
1749 728 1832 775 per
1853 729 1960 763 con-

332 804 532 850 sequens
557 792 669 849 quid
693 791 753 836 sit
774 790 848 835 ille
870 789 1020 846 fasciS,
1049 801 1188 846 quem
1211 788 1352 846 ligare
1377 790 1609 837 molimur.
1643 790 1773 847 Quod
1803 795 1960 836 autem

333 865 543 920 dicimUS,
570 863 743 920 tragica
769 861 1030 919 conjugatio
1053 868 1152 918 est,
1185 862 1291 919 quia
1324 874 1431 908 cum
1458 863 1632 910 comice
1656 861 1735 909 fiat
1759 863 1860 909 haec
1887 874 1959 909 co-

332 938 552 995 niugatiO,
594 937 866 982 cantilenam
906 947 1129 983 vocamus
1169 947 1252 993 per
1292 936 1663 996 diminutionem,
1689 937 1746 985 de
1776 950 1867 997 qua
1913 937 1963 983 in
2018 989 2020 991 ,

333 1015 500 1068 quarto
523 1008 660 1068 hujus
686 1013 887 1054 tractare
908 1007 1203 1054 intendimus,

1014 1352 1178 1400 CAPUT
1208 1351 1277 1400 IX.

376 1517 465 1562 Quae
493 1518 570 1556 sint
597 1516 833 1567 principales
865 1516 902 1553 in
931 1515 1108 1552 cantione
1135 1521 1278 1564 partes,
1305 1521 1341 1552 et
1368 1516 1471 1566 quod
1499 1516 1640 1554 stantia
1670 1515 1710 1553 in
1739 1515 1902 1554 cantion<

915 1581 1171 1631 principalior
1198 1593 1290 1631 pars
1317 1589 1386 1620 est.

426 1707 555 1763 Quia,
582 1712 636 1752 ut
658 1706 836 1773 dictum
858 1711 944 1763 est,
972 1705 1125 1752 cantio
1146 1710 1215 1751 est
1242 1705 1500 1763 conjugatio
1521 1701 1814 1762 stantiarum,
1839 1707 1967 1763 igno-

337 1785 438 1824 rato
466 1780 576 1837 quid
601 1779 660 1825 sit
687 1778 870 1836 stantia,
896 1791 1085 1825 necesse
1112 1783 1180 1824 est
1207 1778 1470 1824 cantionem
1499 1777 1740 1836 ignorare:
1771 1791 1878 1824 nam
1908 1791 1968 1826 ex

339 1853 667 1900 diffinientium
690 1853 951 1911 cognitione
977 1852 1381 1899 diffiniti-resultat
1407 1851 1604 1910 cognitio
1619 1867 1634 1910 3
1662 1857 1708 1899 et
1732 1851 1835 1898 ideo
1861 1864 1968 1899 con-

337 1934 589 1986 sequenter
615 1928 670 1974 de
695 1927 862 1973 stantia
890 1932 958 1973 est
980 1928 1225 1984 agendum,
1248 1932 1303 1973 ut
1328 1927 1505 1974 scilicet
1536 1927 1832 1984 vestigemuS,
1856 1927 1968 1985 quid

339 2005 433 2061 ipsa
467 2003 543 2060 sit,
578 2007 625 2049 et
665 2002 779 2060 quid
817 2014 901 2060 per
937 2013 1039 2047 eam
1069 1994 1331 2058 intelligere
1366 2001 1597 2048 volumus.
1630 2000 1690 2047 Et
1723 2000 1844 2047 circa
1883 2001 1969 2046 hoc
2014 2054 2018 2056 Y

336 2076 579 2123 sciendum
605 2080 690 2131 est,
717 2074 842 2133 quod
864 2074 952 2119 hoc
982 2073 1263 2121 vocabulum
1294 2085 1378 2132 per
1406 2073 1546 2120 solius
1569 2074 1681 2119 artis
1702 2081 1968 2132 respectum

341 2152 584 2198 inventum
613 2155 682 2195 est
700 2162 714 2205 ;
737 2147 970 2206 videlicet,
997 2153 1051 2193 ut
1074 2147 1121 2192 in
1139 2159 1231 2205 quo
1249 2151 1344 2193 tota
1369 2147 1593 2194 cantionis
1617 2160 1691 2193 ars
1716 2154 1835 2196 esset
1861 2161 1969 2195 con-

338 2230 484 2280 tenta,
502 2223 613 2268 illud
631 2223 868 2269 diceretur
888 2220 1071 2277 stantia,
1085 2220 1174 2266 hoc
1198 2225 1266 2265 est
1283 2218 1459 2265 mansio
1476 2231 1637 2278 capax,
1661 2219 1738 2266 vel
1763 2225 1969 2278 recepta-

340 2298 498 2344 culum
529 2296 673 2343 totius
702 2295 828 2342 artis,
870 2294 984 2341 Nam
1025 2293 1415 2354 quemadmodum
1447 2293 1601 2340 cantio
1635 2298 1704 2339 est
1744 2293 1971 2351 gremium

340 2371 483 2417 totius
506 2369 769 2426 sententiae,
793 2367 860 2414 sic
884 2367 1053 2422 stantia
1095 2373 1239 2414 totam
1265 2372 1414 2413 artem
1439 2365 1682 2424 ingremiat
1697 2379 1713 2423 ;
1749 2379 1838 2412 nec
1859 2365 1969 2412 licet
2026 2375 2028 2377 ·

339 2444 511 2502 aliquid
535 2443 647 2488 artis
672 2441 982 2500 sequentibus
1001 2452 1233 2498 arrogare,
1259 2439 1340 2486 sed
1363 2438 1505 2486 solam
1528 2443 1676 2484 artem
1700 2437 1973 2484 anteceden-

341 2518 399 2564 tis
422 2517 648 2573 induere,
682 2529 765 2574 per
787 2516 911 2574 quod
940 2520 1084 2574 patet,
1109 2515 1234 2573 quod
1258 2514 1353 2573 ipsa
1389 2513 1446 2560 de
1486 2524 1578 2571 qua
1601 2511 1851 2569 loquimur,
1883 2509 1971 2555 erit

342 2589 710 2646 conterminatiO,
742 2589 840 2635 sive
867 2599 1107 2646 compages
1131 2586 1337 2634 omnium
1364 2598 1544 2643 eorum,
1575 2596 1682 2644 quae
1715 2583 1867 2630 cantio
1896 2595 1972 2628 su-

341 2664 427 2710 mit
452 2664 509 2709 ab
530 2667 630 2708 arte
645 2675 660 2719 3
686 2662 856 2720 quihus
877 2659 1154 2716 divaricatiS,
1182 2672 1320 2717 quam
1342 2658 1612 2718 quaerimus,
1639 2656 1885 2714 descriptio
1906 2657 1971 2701 in-

343 2736 554 2783 notescit.
583 2735 695 2781 Tota
720 2734 861 2791 igitur
882 2745 956 2779 ars
978 2733 1202 2779 cantionis
1225 2732 1347 2779 circa
1372 2732 1460 2778 tria
1480 2731 1670 2778 videtur
1690 2729 1940 2777 consistere
1959 2744 1970 2775 :

385 2866 399 2893 ¹
430 2868 455 2902 Ε
476 2867 507 2902 ia
527 2875 692 2902 cunzone
710 2866 778 2902 che
809 2864 869 2902 nel
900 2865 1125 2900 cunzoniere
1147 2866 1204 2900 sta
1223 2863 1283 2900 col
1301 2874 1404 2900 num.
1419 2863 1466 2901 ll.
