2054 3262
349 148 435 194 390
958 158 1099 194 Lmen
1126 158 1346 198 rEnTms.

300 298 302 300 .
351 255 546 312 aliquam
570 251 837 311 particulam
869 252 924 299 ab
960 252 1136 310 imperii
1164 251 1478 310 jurisdictione
1503 253 1758 302 discindere
1787 262 1954 314 posset,

349 329 509 374 veadem
534 329 708 374 ratione
733 334 778 374 et
803 327 928 374 aliuS.
951 327 1008 374 Et
1035 340 1139 374 cum
1160 327 1413 385 jurisdictio
1441 328 1700 386 temporalis
1723 327 1849 376 finita
1880 331 1953 385 sit,

353 407 398 446 et
430 412 562 446 omne
592 399 772 445 finitum
803 411 885 456 per
910 398 1059 444 finitas
1081 399 1327 445 decisiones
1351 400 1644 451 absumatur,·
1666 406 1950 458 sequeretur,

352 473 476 528 quod
497 470 751 528 Jurisdictio
775 471 918 528 prima
949 476 1097 529 posset
1128 471 1385 517 annihilari:
1408 471 1531 528 quod
1550 476 1618 516 est
1638 470 1952 518 irrationabile.

351 543 527 598 Adhuc,
555 554 660 589 cum
701 543 934 588 conferens
959 543 1117 589 haheat
1152 555 1199 588 se
1239 555 1322 600 per
1359 543 1546 588 modum
1581 543 1770 600 agentiS‚
1795 549 1841 590 et
1881 543 1955 589 cui

352 614 600 671 confertur,
631 626 712 671 per
732 614 917 658 modum
943 614 1167 671 patientis,
1189 620 1240 659 ut
1267 615 1413 671 placet
1439 614 1704 671 Philosopho
1720 614 1767 660 in
1791 620 1956 672 quarto

353 687 409 733 ad
433 687 771 743 Nicomachum,
797 700 889 733 non
911 688 1057 733 solum
1087 687 1142 732 ad
1168 687 1450 736 collationem
1483 698 1580 732 esse
1608 687 1956 744 licitam2requi-

353 761 472 806 ritur
498 760 729 817 dispositio
770 758 1060 814 conferentiS,
1096 758 1175 802 sed
1209 758 1344 803 etiam
1371 757 1468 815 ejus
1499 757 1574 804 cui
1601 758 1849 805 confertur.
1885 758 1955 803 Vi-

354 833 489 878 detur
521 832 640 876 enim
681 831 729 876 in
765 831 966 888 patiente
999 834 1043 873 et
1077 829 1288 886 disposito
1319 834 1450 874 actus
1479 830 1738 875 activorum
1777 829 1953 876 inesse:

350 906 430 950 sed
460 905 662 950 Ecclesia
687 904 870 948 omnino
897 901 1157 959 indisposita
1182 907 1277 947 erat
1302 901 1358 948 ad
1387 901 1649 959 temporalia
1677 902 1954 960 recipienda,
1993 940 1995 942 .

352 989 433 1035 per
458 982 741 1035 praeceptum
766 975 1090 1032 prohibitivum
1113 985 1396 1031 expressum,
1417 979 1471 1019 ut
1494 974 1713 1019 habemus
1733 985 1817 1031 per
1844 973 1954 1020 Mat-

353 1050 524 1095 thaeum
554 1048 647 1093 sic:
690 1049 838 1093 Nolite
874 1047 1097 1103 possidere
1135 1060 1317 1100 aarum,
1355 1059 1490 1105 neque
1527 1050 1779 1104 amentum,
1818 1059 1956 1104 neque

352 1122 592 1178 pecuniam
630 1121 681 1164 in
711 1122 840 1164 zonis
880 1120 1053 1174 vestris,
1080 1132 1170 1164 non
1196 1132 1360 1176 peram
1399 1122 1449 1164 in
1485 1121 1577 1174 via,
1611 1123 1699 1164 etc.
1730 1116 1843 1164 Nam
1873 1117 1955 1162 etsi

351 1207 434 1251 per
462 1195 634 1239 Lucam
658 1193 875 1238 habemus
899 1192 1223 1238 relaxationem
1240 1192 1476 1249 praecepti,
1502 1197 1727 1249 quantum
1747 1191 1804 1236 ad
1827 1202 1948 1248 quae—

352 1268 452 1313 dam
469 1280 483 1321 3
513 1267 570 1310 ad
601 1265 925 1323 possessionem
958 1271 1108 1310 tamen
1138 1264 1235 1309 auri
1261 1269 1307 1308 et
1338 1264 1530 1319 argenti,
1562 1262 1839 1309 licentiatam
1870 1262 1955 1307 Ec-

352 1337 533 1382 clesiam
557 1342 658 1394 post
684 1336 1027 1393 prohibitionem
1059 1336 1178 1382 illam
1213 1335 1420 1382 invenire
1449 1347 1542 1381 non
1571 1335 1714 1391 potui.
1748 1335 1896 1390 Quare
1920 1334 1955 1378 si

351 1407 554 1453 Ecclesia
585 1407 788 1463 recipere
818 1419 910 1452 non
934 1413 1127 1464 poterat,
1155 1408 1256 1454 dato
1282 1408 1404 1464 quod
1432 1407 1753 1453 Constantinus
1781 1406 1866 1452 hoc
1890 1405 1954 1452 fa-

351 1493 455 1527 cere
479 1480 700 1538 potuisset
726 1480 779 1524 de
804 1491 851 1524 se
867 1493 882 1536 3
904 1479 1022 1525 actio
1049 1486 1200 1525 tamen
1230 1480 1303 1526 illa
1337 1492 1430 1526 non
1461 1486 1557 1526 erat
1587 1479 1821 1538 possibilie,
1850 1491 1954 1536 pro-

353 1559 457 1612 pter
482 1553 694 1610 patientis
719 1552 1119 1609 indispositionem.
1146 1553 1278 1598 Patet
1305 1552 1460 1608 igitur,
1490 1553 1614 1609 quod
1646 1564 1733 1597 nec
1760 1551 1955 1596 Ecclesia

352 1622 555 1684 recipere
579 1638 662 1684 per
691 1627 878 1671 modum
903 1626 1212 1684 possessioniS,
1234 1639 1321 1671 nec
1347 1626 1418 1670 ille
1440 1625 1646 1671 conferre
1669 1637 1752 1682 per
1769 1626 1957 1670 modum

351 1695 635 1745 alienationis
664 1704 858 1755 poterat.
886 1699 1070 1745 Poterat
1111 1705 1265 1744 tamen
1299 1698 1544 1756 imperator
1577 1700 1625 1744 in
1654 1697 1956 1755 patrocinium

354 1770 571 1817 Ecclesiae
602 1771 927 1828 patrimonium
956 1778 1002 1817 et
1033 1771 1117 1818 alia
1148 1773 1384 1829 deputare,
1405 1771 1591 1817 immoto
1614 1782 1795 1827 semper
1823 1783 1956 1827 supe·

351 1837 462 1889 r'ior'i
487 1843 700 1901 dominio,
732 1843 864 1900 cujus
893 1844 1045 1890 unitas
1071 1844 1338 1891 divisionem
1365 1855 1459 1890 non
1482 1843 1670 1900 patitur.
1700 1843 1884 1888 Poterat
1910 1847 1956 1887 et

355 1910 553 1962 vicarius
594 1914 678 1961 Dei
714 1917 936 1974 recipere,
962 1929 1055 1963 non
1097 1922 1314 1973 tanquam
1356 1927 1601 1974 possessor,
1632 1915 1711 1960 sed
1742 1920 1955 1972 tanquam

352 1987 591 2034 fructuum
614 1999 697 2044 pro
721 1987 925 2033 Ecclesia
945 2000 1121 2045 proque
1147 1987 1309 2033 Christi
1341 1983 1618 2045 pauperibus
1642 1987 1924 2045 dispensator
1938 1998 1956 2043 3

352 2060 476 2117 quod
518 2059 744 2116 apostolos
787 2059 946 2104 fecisse
988 2071 1082 2105 non
1120 2059 1370 2116 ignoratur.
1408 2060 1567 2104 Adhuc
1612 2056 1787 2115 dicunt,
1834 2058 1957 2116 quod

348 2132 578 2178 Adrianus
610 2144 723 2189 papa
763 2131 972 2177 Carolum
1001 2131 1213 2188 Magnum
1243 2130 1326 2175 sibi
1361 2136 1407 2176 et
1446 2130 1660 2176 Ecclesiae
1695 2129 1956 2187 advocavit,

352 2202 410 2248 oh
439 2203 647 2260 injuriam
674 2203 1090 2259 Longobardorum,
1124 2208 1328 2260 tempore
1367 2202 1588 2248 Desiderii
1626 2203 1746 2259 regis
1779 2196 1958 2259 eorum,

349 2275 400 2322 et
424 2277 546 2335 quod
572 2275 757 2324 Carolus
776 2277 836 2322 ab
859 2287 914 2320 eo
934 2275 1112 2333 recepit
1135 2275 1309 2333 imperii
1332 2276 1613 2333 dignitatem,
1634 2288 1728 2322 non
1747 2276 1956 2322 obstante

353 2349 476 2406 quod
508 2347 682 2393 Michael
705 2347 952 2404 imperabat
976 2347 1096 2404 apud
1131 2348 1579 2405 Constantinopolim.
1611 2348 1807 2405 Propter
1835 2348 1958 2405 quod

354 2421 530 2476 dicunt,
555 2419 684 2477 'quod
707 2430 870 2463 omnes
895 2419 971 2476 qui
996 2419 1184 2464 fuerunt
1209 2419 1523 2465 Romanorum
1545 2418 1839 2476 imperatores
1857 2423 1957 2474 post

350 2484 517 2549 ipsum,
549 2491 595 2536 e't
626 2491 736 2549 ipse,
763 2491 974 2536 advocati
1007 2490 1222 2536 Ecclesiae
1253 2495 1378 2546 sunt,
1409 2496 1455 2535 et
1486 2490 1652 2536 debent
1672 2491 1727 2534 ab
1751 2489 1957 2537 Ecclesia

348 2559 580 2617 advocari.
595 2562 776 2626 Eis-,quo
792 2562 934 2611 etiam
958 2567 1232 2623 sequeretur
1256 2561 1327 2607 illa
1352 2561 1668 2621 dependentia.
1687 2572 1824 2619 quam
1846 2573 1954 2608 con-
