2054 3262
351 179 436 225 356
941 190 1085 226 Lmen
1116 190 1378 227 SECUNDUS.

353 288 422 328 tas
456 278 778 339 consequentis
807 287 994 340 apparet
1036 282 1137 328 sic.·
1165 283 1279 330 Cum
1309 282 1432 328 enim
1470 294 1554 340 per
1591 289 1836 341 peccatum
1864 285 1975 332 Adae

351 366 509 400 omnes
534 359 802 412 peccatores
826 365 1043 412 essemuS,
1070 354 1251 412 dicente
1277 354 1493 412 Apostolo
1509 367 1525 411 3
1562 355 1682 402 sicut
1717 368 1800 414 per
1829 370 1975 403 unum

352 428 580 474 hominem
598 428 643 473 in
668 429 793 474 hunc
810 429 1034 474 mundum
1062 434 1306 486 peccatum
1333 428 1606 484 intravit,.et
1627 441 1710 486 per
1734 437 1977 487 peccatum

353 513 491 557 mom,
517 500 580 546 ita
604 501 652 546 in
677 513 834 547 omnes
862 500 1068 547 homines
1093 513 1232 556 morS,
1259 501 1306 545 in
1331 512 1423 558 quo
1448 511 1605 547 omnes
1644 511 1974 558 peccaverunt.
2034 490 2036 494 ’

357 574 400 619 Si
426 575 481 619 de
507 573 579 619 illo
604 580 792 631 peccato
816 586 910 621 non
941 574 1100 620 fuisset
1135 574 1416 620 satisfactum
1447 586 1530 631 ρει·
1559 580 1757 620 mortem
1795 575 1978 633 Christi,

353 646 501 693 adhuc
528 658 730 694 essemus
755 646 833 692 filii
857 647 939 693 irae
965 654 1148 704 natura,
1175 654 1339 694 natura
1375 648 1550 694 scilicet
1592 648 1859 707 depravata.
1892 651 1979 697 Sed
2047 658 2050 659 ’

353 720 439 765 hoc
462 732 555 765 non
577 726 662 776 est,
690 733 794 767 cum
822 721 942 767 dicat
967 722 1211 779 Apostolus
1236 722 1293 767 ad
1319 721 1553 778 Ephesios,
1584 720 1777 779 loquens
1812 721 1868 766 de
1899 721 1981 768 Pa·
2049 757 2054 760 -

279 842 297 861 Ι
354 798 453 839 tre:
496 796 587 848 Qui
604 796 953 853 praedestinavit
985 809 1066 840 nos
1106 798 1156 841 in
1195 796 1431 852 adoptione
1466 797 1674 852 filiorum
1700 807 1790 852 per
1827 797 1981 841 Jesum

357 867 616 922 Christam;
647 871 697 914 in
730 871 892 926 ipsam,
927 869 1176 915 secundnm
1209 870 1489 926 propositam
1517 869 1764 925 voluntatis
1793 882 1898 922 suoe,
1929 872 1981 915 in

354 942 534 986 laudem
560 946 600 987 et
619 944 821 1000 yloriam
845 947 882 987 et
906 945 1070 1000 qratioe
1098 956 1204 999 snoe,
1230 945 1281 989 in
1304 956 1394 1001 qna
1420 943 1702 1000 qratificavit
1724 955 1805 990 nos
1829 946 1880 990 in
1910 932 1992 990 di?
2049 995 2051 997 ,

355 1015 464 1060 lecto
496 1016 620 1059 Filio
649 1028 742 1069 suo,
771 1017 820 1060 in
853 1029 936 1074 qno
976 1015 1187 1060 habemns
1226 1014 1576 1072 redemptionem
1596 1027 1683 1071 vper
1711 1018 1983 1074 sanquinem

354 1088 464 1143 ejus,
499 1089 809 1133 remissionem
847 1091 1150 1145 peccatorum,
1192 1087 1440 1133 secundnm
1464 1087 1652 1133 divitias
1680 1090 1844 1146 qratioe
1875 1102 1983 1143 sace,
2048 1130 2049 1133 ,

353 1175 450 1221 qnae
473 1162 864 1218 superabandavit
885 1163 936 1206 in
957 1162 1096 1207 nobis
1125 1161 1248 1207 Dum
1272 1161 1410 1206 etiam
1438 1159 1659 1216 Christus,
1690 1159 1738 1206 in
1766 1172 1816 1207 se
1847 1162 1980 1219 puni-

357 1235 528 1280 tionem
551 1235 742 1291 patiens,
770 1234 888 1280 dicat
914 1234 961 1279 in
993 1235 1222 1280 Johanne:
1260 1235 1624 1280 Consummatum
1647 1239 1742 1281 est:
1767 1247 1872 1281 nam
1904 1236 1982 1281 ubi

358 1316 729 1358 consummatum
745 1313 829 1362 est,
847 1308 956 1353 nihil
972 1313 1113 1353 restat
1130 1307 1372 1364 agendum.
1392 1307 1590 1365 Propter
1611 1307 1982 1355 convenientiam

357 1380 611 1437 sciendum,
635 1381 758 1438 quod
779 1381 958 1438 punitio
983 1392 1075 1425 non
1096 1385 1165 1426 est
1182 1379 1450 1438 simpliciter
1474 1390 1607 1436 poena
1631 1379 1844 1437 injuriam
1867 1381 1978 1426 infe-

355 1453 517 1507 rentiS,
544 1452 625 1497 sed
650 1464 783 1509 poena
821 1452 994 1498 inflicta
1019 1451 1231 1508 injuriam
1250 1452 1464 1497 inferenti
1487 1452 1551 1498 -ah
1572 1451 1768 1498 habente
1794 1451 1981 1510 jurisdi-

358 1525 555 1571 ctionem
582 1526 803 1582 puniendi
817 1539 832 1582 3
859 1526 983 1571 unde
1009 1526 1093 1571 nisi
1117 1526 1174 1571 ab
1199 1525 1428 1571 ordinario
1453 1523 1610 1582 judice
1641 1535 1774 1582 poena
1809 1526 1983 1573 inflicta

358 1597 431 1654 sit,
457 1598 636 1654 punitio
661 1610 754 1643 non
773 1604 858 1655 est,
875 1599 955 1644 sed
980 1599 1132 1656 potius
1151 1598 1315 1655 injuria
1333 1603 1402 1643 est
1423 1597 1628 1644 dicenda.
1655 1598 1785 1644 Unde
1801 1597 1981 1647 dicebat

357 1672 429 1716 ille
455 1672 624 1730 Moysi:
664 1673 775 1726 Quis
795 1675 835 1717 te
860 1674 1090 1717 constitnit
1104 1669 1312 1725 jndicem
1344 1683 1484 1728 snper
1511 1671 1626 1716 nos?
1667 1670 1712 1717 Si
1749 1682 1866 1728 ergo<
1896 1673 1982 1718 sub

356 1746 584 1791 ordinario
611 1744 766 1802 judice
793 1744 998 1792 Christus
1023 1756 1180 1801 passus
1210 1755 1303 1789 non
1331 1742 1508 1800 fuisset,
1539 1741 1612 1788 illa
1641 1753 1776 1800 poena
1805 1743 1984 1800 punitio

357 1830 451 1862 non
481 1817 670 1863 fuisset:
719 1821 765 1861 et
795 1815 940 1874 judex
979 1816 1236 1863 ordinarius
1276 1827 1373 1861 esse
1413 1827 1506 1861 non
1545 1819 1743 1872 poterat,
1782 1815 1868 1861 nisi
1907 1828 1984 1863 su-

360 1903 441 1947 pra
468 1896 618 1936 totum
642 1890 896 1934 humanum
921 1901 1065 1946 genus
1084 1888 1451 1946 jurisdictionem
1475 1887 1662 1944 habenS,
1693 1899 1802 1934 cum
1833 1894 1983 1935 totum

359 1965 612 2010 humanum
634 1975 780 2020 genus
802 1963 850 2007 in
877 1975 1013 2008 carne
1037 1963 1106 2008 illa
1136 1962 1317 2018 Christi,
1342 1960 1568 2020 portantis
1598 1960 1776 2007 dolores
1799 1968 1980 2009 nostro:—
2008 1997 2011 1999 v

360 2037 434 2094 (ut
459 2036 522 2080 ait
556 2035 803 2094 Propheta)
846 2035 920 2081 vel
960 2034 1243 2091 sustinentis,
1274 2034 1535 2093 puniretur.
1567 2033 1630 2080 Et
1661 2045 1799 2092 supra
1832 2041 1982 2082 totum

357 2111 612 2156 humanum
635 2121 780 2166 genus
815 2109 1023 2155 Tiberius
1055 2110 1221 2166 Caesar,
1257 2108 1389 2166 cujus
1424 2109 1626 2156 vicarius
1659 2113 1757 2154 erat
1783 2109 1981 2167 Pilatus.

352 2184 715 2242 jurisdictionem
737 2196 831 2230 non
854 2184 1100 2241 habuisset,
1132 2185 1217 2230 nisi
1247 2196 1490 2230 romanum
1514 2182 1763 2242 imperium
1797 2184 1853 2230 de
1878 2184 1981 2242 jure
2052 2219 2054 2221 >

358 2258 530 2303 fuisset.
564 2257 680 2303 Hinc
705 2263 774 2303 est
799 2258 923 2315 quod
947 2258 1163 2315 HerodeS,
1190 2258 1402 2316 quamvis
1421 2258 1636 2315 ignorans
1658 2257 1769 2316 quid
1791 2257 1980 2314 faceret,

359 2331 478 2376 sicut
513 2335 558 2374 et
586 2329 788 2387 CaiphaS,
822 2343 928 2375 cum
961 2343 1127 2377 verum
1165 2331 1280 2377 dixit
1321 2331 1377 2376 de
1409 2329 1582 2377 coelesti
1619 2330 1824 2389 decret0,
1856 2331 1982 2378 Chri-

358 2409 484 2449 stum
511 2402 653 2448 Pilato
674 2403 850 2448 remisit
875 2404 930 2448 ad
949 2403 1266 2461 Judicandum,
1292 2409 1346 2449 ut
1370 2402 1519 2450 Lucas
1547 2402 1596 2447 in
1625 2413 1710 2448 suo
1731 2401 1981 2460 Evangelio

364 2477 515 2523 tradit.
543 2477 654 2523 Erat
683 2478 806 2523 enim
830 2478 1032 2524 Herodes
1057 2490 1150 2523 non
1174 2477 1325 2525 vicem
1346 2476 1516 2523 Tiberii
1549 2487 1715 2533 gerens
1738 2475 1824 2522 sub
1849 2476 1979 2534 signo

362 2551 543 2610 aquilae,
568 2552 642 2597 vel
666 2553 751 2598 sub
774 2552 901 2609 signo
928 2553 1136 2608 SenatuS,
1162 2552 1242 2597 sed
1262 2563 1363 2606 rex,
1389 2561 1530 2607 regno
1559 2547 1776 2606 singulari
1797 2549 1978 2597 ordina-

365 2633 439 2672 tus
463 2625 519 2671 ab
543 2636 612 2681 e0,
638 2630 685 2672 et
715 2625 800 2672 sub
825 2624 953 2683 signo
984 2623 1114 2682 regni
1146 2622 1231 2670 sihi
1265 2620 1491 2670 commissi
1530 2621 1806 2680 gubernans,
1827 2631 1830 2634 ·
1851 2621 1982 2670 Desi-
