2054 3262
240 119 327 167 208
831 129 976 166 mmm
1010 128 1272 167 SECUNDUS.

241 223 290 268 in
312 228 566 281 conspectu
585 223 782 270 habetur
803 238 812 270 :
839 237 945 270 nam
967 225 1186 283 quicquid
1211 225 1266 270 de
1289 224 1606 271 cacuminibus
1623 225 1874 272 illustrium

237 296 448 354 capitum
474 296 761 354 poetantium
787 297 1009 355 profluxit
1034 298 1091 343 ad
1114 298 1247 354 labia,
1279 298 1327 342 in
1359 297 1465 343 solis
1491 297 1783 345 cantionibus
1804 296 1874 342 in-

241 369 443 416 venitur.
474 370 623 424 Quare
654 370 711 415 ad
741 370 1028 427 propositum
1058 375 1185 428 patet
1212 369 1337 427 quod
1363 381 1431 423 ea,
1460 380 1566 425 quae
1598 369 1734 427 digna
1762 373 1874 416 sunt

241 441 420 498 vulgari
444 441 678 499 altissimO,
704 442 752 487 in
775 442 1068 489 cantionibus
1093 433 1332 488 tractanda
1357 448 1482 487 sunt.

920 604 1085 651 CAPUT
1118 604 1188 650 lV.

538 723 591 760 De
620 723 807 761 varietate
835 722 915 760 stili
947 734 1096 771 eorum,
1123 723 1188 772 qui
1219 728 1367 772 poetice
1394 723 1583 762 scribunt.

329 831 520 886 Quando
545 832 733 890 quidem
758 833 1098 892 adpotiavimus
1116 832 1130 857 ²
1165 832 1465 888 extricanteS,
1497 833 1577 890 qui
1602 833 1694 879 sint
1725 832 1877 878 aulico

240 904 367 962 digni
397 905 593 962 vulgari,
621 911 666 951 et
694 918 816 963 quae,
843 918 931 951 nec
957 918 1052 951 non
1083 905 1263 961 modUS,
1296 916 1437 961 quem
1469 910 1599 950 tanto
1632 904 1878 962 dignamur

169 1004 171 1006 ψ
239 974 427 1031 honore,
455 981 508 1020 ut
535 975 658 1021 solus
683 976 902 1021 altissimo
926 975 1107 1032 vulgari
1135 974 1384 1021 conveniat
1395 988 1410 1031 3
1436 981 1687 1032 antequam
1711 973 1878 1031 migre-

238 1059 343 1093 mus
371 1048 428 1092 ad
459 1048 559 1103 alia,
592 1048 783 1093 modum
816 1047 1100 1103 cantionum,
1133 1058 1239 1104 quae
1272 1057 1382 1091 casu
1412 1045 1572 1102 magis,
1605 1057 1746 1103 quam
1776 1051 1878 1091 arte

238 1109 372 1164 multi
403 1131 631 1176 usurpare
657 1116 897 1175 videntur,
924 1119 1236 1165 enucleemus,
1264 1118 1323 1164 Et
1349 1118 1474 1176 quod
1497 1118 1590 1164 huc
1622 1129 1772 1176 usque
1803 1130 1879 1165 ca·

234 1192 428 1238 sualiter
450 1199 519 1238 est
542 1198 846 1251 assumptum,
870 1193 990 1238 illius
1010 1192 1122 1238 artis
1148 1192 1453 1249 ergasterium
1477 1203 1754 1249 reseremUS,
1781 1204 1876 1237 mo·

238 1265 349 1310 dum
381 1264 655 1311 ballatarum
681 1271 728 1312 et
755 1265 996 1311 sonituum
1027 1265 1312 1321 omittenteS,
1344 1265 1451 1322 quia
1482 1265 1612 1311 illum
1642 1265 1878 1312 elucidare

237 1338 519 1394 intendimus
542 1339 591 1383 in
611 1339 669 1384 IV
697 1339 834 1397 hujus
855 1339 1021 1396 operiS,
1049 1351 1157 1384 cum
1182 1339 1239 1384 de
1259 1338 1483 1384 mediocri
1503 1338 1685 1396 vulgari
1710 1344 1878 1385 tracta-

237 1411 401 1456 bimus,
429 1411 704 1458 Revisentes
730 1424 838 1469 ergo
872 1424 940 1468 ea,
967 1423 1073 1469 quae
1101 1411 1222 1457 dicta
1249 1417 1375 1468 sunt,
1401 1411 1651 1457 recolimus
1675 1423 1758 1457 nos
1784 1422 1879 1467 eOS,

234 1485 315 1542 qui
347 1485 604 1542 vulgariter
634 1485 978 1541 versificamur,
1011 1485 1286 1543 plerumque
1312 1496 1502 1531 vocasse
1533 1490 1691 1542 poetas
1707 1497 1722 1541 ;
1753 1483 1880 1543 quod

236 1557 400 1615 procul
429 1557 570 1602 dubio
595 1557 929 1603 rationabiliter
954 1562 1168 1603 eructare
1193 1558 1588 1615 praesumpsimus,
1614 1557 1722 1615 quia
1751 1569 1880 1615 pror·

235 1643 313 1676 sus
339 1637 488 1688 poetae
515 1637 641 1687 sunt,
669 1631 706 1676 si
731 1631 905 1689 poesim
928 1636 1060 1676 recte
1083 1630 1461 1688 consideremus;
1489 1642 1595 1689 quae
1622 1631 1734 1676 nihil
1754 1630 1878 1676 aliud

235 1709 319 1760 est,
352 1715 491 1761 quam
516 1703 642 1749 fictio
669 1704 919 1761 rethorica,
956 1704 1006 1749 in
1035 1704 1304 1763 musicaque
1345 1705 1506 1763 posita.
1540 1704 1772 1751 Differunt
1808 1710 1874 1751 ta-

235 1790 343 1824 men
369 1790 393 1823 a
418 1778 596 1835 magnis
625 1778 789 1837 poetiS,
815 1779 902 1825 hoc
925 1784 994 1824 est
1019 1779 1308 1836 regularibus
1323 1793 1337 1836 3
1365 1779 1474 1838 quia
1497 1779 1574 1827 isti
1598 1791 1765 1837 magno
1787 1791 1882 1826 ser-

236 1862 386 1906 mone,
414 1856 460 1896 et
485 1856 583 1895 arte
610 1850 810 1907 regulari
836 1851 1007 1908 poetati
1038 1856 1148 1896 sunt
1164 1865 1180 1908 3
1213 1851 1274 1896 illi
1307 1864 1421 1899 vero
1453 1865 1581 1909 casn,
1614 1858 1668 1898 ut
1699 1852 1878 1899 dictum

236 1930 320 1970 est.
348 1924 526 1971 Idcirco
550 1925 734 1982 accidit,
758 1931 812 1971 ut
834 1931 1062 1984 quantum
1089 1925 1200 1971 istos
1220 1925 1478 1983 proximius
1502 1925 1755 1982 imitemur,
1780 1931 1878 1972 tan-

238 2004 339 2043 tum
364 1999 541 2045 rectius
573 2005 834 2057 poctemur.
868 1999 1000 2045 Unde
1031 2010 1116 2044 nos
1147 1999 1371 2045 doctrinae
1396 1998 1570 2057 aliquid
1610 2011 1763 2057 operae
1799 2012 1873 2045 no·

234 2077 345 2116 strae
371 2071 710 2129 impendenteS,
745 2071 978 2116 doctrinas
1003 2082 1167 2116 eorum
1198 2070 1404 2128 poeticas
1435 2070 1641 2116 aemulari
1673 2076 1871 2130 oportet.

234 2145 355 2193 Ante
381 2145 533 2190 omnia
559 2157 667 2202 ergo
693 2145 903 2200 dicimuS,
925 2156 1310 2203 unumquemque
1337 2144 1506 2190 debere
1531 2145 1739 2191 materiae
1765 2157 1878 2204 pon-

233 2217 320 2263 dus
335 2217 532 2275 propriis
548 2217 753 2262 humeris
769 2216 984 2274 excipere
999 2215 1192 2274 aequale,
1205 2227 1265 2261 ne
1281 2215 1400 2262 sorte
1415 2217 1720 2264 humerorum
1731 2217 1876 2265 nimio

231 2295 473 2347 gravatam
492 2289 721 2336 virtutem
739 2288 786 2333 in
804 2299 990 2334 coenum
1004 2288 1230 2346 cespitare
1246 2300 1432 2342 necesse
1449 2289 1522 2335 sit.
1538 2290 1635 2337 Hoc
1651 2297 1738 2349 est,
1749 2291 1877 2350 quod

229 2364 450 2421 magister
482 2356 641 2408 noster
671 2362 887 2408 Horatius
918 2362 1148 2420 praecipit,
1187 2375 1296 2409 cum
1326 2363 1375 2408 in
1404 2363 1631 2422 principIO
1666 2366 1874 2418 Poeticae,

468 2457 484 2472 α
512 2440 658 2477 Sumite
686 2440 886 2477 materiam
917 2440 1069 2488 vestris,
1095 2440 1162 2490 qui
1191 2439 1375 2488 scribitis,
1401 2451 1550 2490 aequam

514 2505 681 2544 Viribus.
710 2523 725 2538 „

268 2617 283 2644 1
313 2617 393 2652 Aila
425 2625 519 2652 voce
547 2616 818 2662 adpociavimus
850 2616 860 2650 i
887 2624 1014 2660 prece·
1080 2623 1123 2651 sa
1153 2623 1228 2650 una
1261 2623 1356 2650 voce
1389 2614 1492 2650 della
1523 2614 1634 2651 bassa
1653 2613 1817 2657 infinita,
1848 2624 1871 2652 e

221 2669 327 2703 denti
347 2669 499 2713 editori,
517 2678 590 2703 non
610 2667 903 2703 conoscendone
922 2666 946 2701 il
964 2668 1014 2701 si·
1079 2666 1242 2700 trovarsi
1277 2664 1338 2701 nel
1357 2665 1544 2701 Glossario
1566 2665 1628 2701 del
1648 2664 1874 2710 Dii-Gange,

222 2722 413 2765 gnificato,
440 2722 685 2755 sostitnirono
713 2719 1013 2765 adprobavimus,
1081 2723 1154 2749 ove
1171 2714 1295 2750 insatti
1312 2714 1333 2749 ὸ
1351 2715 1793 2760 registratozappoeiare
1809 2715 1876 2759 (al.

219 2773 291 2807 che
310 2781 380 2805 non
401 2772 578 2814 risponde
596 2770 726 2805 affatto
755 2768 789 2803 at
818 2770 1009 2811 comesto,
1079 2763 1311 2811 adpociare),
1337 2766 1522 2810 potionem
1550 2764 1714 2809 proebere
1746 2765 1871 2808 (quasi

220 2829 242 2855 e
259 2821 328 2855 che
347 2820 373 2855 il
403 2820 572 2854 Trissino
591 2820 766 2855 tradusse
793 2828 918 2853 avemo
944 2828 1009 2862 ap·
1077 2816 1295 2861 potionare).
1316 2815 1365 2850 La
1382 2823 1476 2850 voce
1493 2815 1650 2859 dunque
1674 2813 1788 2850 varra
1805 2822 1875 2860 per

218 2875 384 2915 'prot-alo.
405 2870 463 2904 Ma
480 2869 504 2904 il
525 2868 642 2906 Witte
659 2867 808 2904 avverti
824 2876 931 2904 esser
949 2876 1009 2903 es-
1078 2865 1238 2903 translato
1254 2865 1424 2902 abbiamo
1439 2865 1524 2901 dato
1543 2876 1592 2900 un
1609 2867 1747 2909 saqqio.
