2054 3262
268 158 284 197 1
296 155 348 199 48
794 174 796 177 ·
888 164 1030 200 LIBER
1059 164 1249 201 PRIMUS.

267 260 363 300 tum
388 254 524 300 fuisse
561 254 827 301 credamus:
854 268 942 303 nec
965 256 1346 303 inconvenienter
1380 263 1588 314 putatur,
1606 261 1701 302 tam
1738 267 1866 314 egre-

265 328 390 385 gium
414 328 599 374 humani
618 330 798 385 generis
823 334 977 375 actum
1002 329 1128 386 prius
1151 342 1176 374 a
1196 329 1312 386 viro,
1339 342 1475 387 quam
1496 342 1522 374 a
1545 329 1728 374 foemina
1762 340 1864 386 pro·

264 398 430 445 fluisse.
457 399 800 446 Rationabiliter
820 413 926 457 crgo
944 397 1171 446 credimus
1186 401 1269 458 ipsi
1284 401 1394 446 Adae
1412 401 1538 458 prius
1554 402 1710 446 datum
1726 400 1865 446 fuisse

265 472 389 530 loqui
415 473 469 518 ab
493 473 574 529 Eo,
600 473 677 530 qui
701 474 856 519 statim
887 474 1036 531 ipsum
1060 474 1373 531 plasmaverat.
1401 475 1532 529 Quod
1560 479 1715 519 autem
1739 474 1866 531 prius

265 554 361 590 vox
384 544 516 600 primi
533 542 537 547 ‘
554 544 780 602 loquentis
805 545 1053 602 sonaverit,
1078 546 1179 593 viro
1203 558 1324 591 sanae
1364 546 1531 591 mentis
1566 545 1613 590 in
1649 551 1866 602 promptu

269 628 365 661 esse
390 617 668 673 non-titubO,
694 618 842 674 ipsum
865 617 1018 673 fuisse,
1054 617 1176 674 quod
1200 618 1321 663 Deus
1346 623 1429 673 est,
1454 617 1626 663 scilicet
1651 615 1764 671 Eli)
1792 617 1865 662 vel

269 701 351 746 per
380 689 566 734 modum
585 691 965 746 interrogationIS,
986 690 1062 736 vel
1092 701 1174 747 per
1206 691 1392 735 modum
1423 689 1741 747 responsionis.
1777 688 1866 734 Ah-

269 764 477 820 surdum,
499 769 635 821 atque
661 764 824 809 rationi
851 764 1044 811 rvidetur
1075 764 1357 820 horrificum,
1388 769 1495 809 ante
1520 764 1667 809 Deum
1697 763 1752 808 ab
1789 762 1867 807 ho-

269 835 389 881 mine
414 836 657 894 quicquam
683 837 967 882 nominatum
996 837 1150 892 fuisse,
1187 849 1293 882 cum
1313 838 1369 882 ab
1389 835 1500 893 ipSO,
1525 841 1571 882 et
1595 847 1678 894 per
1714 836 1864 892 ipsum

268 908 415 954 factus
439 909 594 953 fuisset
616 910 760 954 homo.
784 910 895 954 Nam
919 910 1054 965 sicut,
1089 914 1190 966 post
1225 909 1648 966 praevaricationem
1679 907 1865 958 humani

271 980 462 1036 generis,
489 981 676 1037 quilibet
702 981 939 1026 exordium
960 992 1054 1026 suae
1075 980 1314 1026 locutionis
1337 979 1493 1036 incipit
1514 980 1570 1024 ab
1592 980 1675 1025 heu
1688 993 1712 1033 ,·
1730 977 1865 1024 ratio-

273 1054 418 1099 nabile
436 1060 519 1109 est,
537 1055 656 1111 quod
672 1058 777 1098 ante
794 1054 869 1110 qui
888 1054 972 1098 fuit
988 1053 1207 1109 inciperet
1226 1064 1250 1096 a
1267 1051 1453 1108 gaudio:
1479 1056 1525 1097 et
1545 1052 1667 1109 quod
1687 1051 1866 1115 nulium

273 1128 485 1184 gaudium
505 1128 562 1173 sit
588 1134 717 1174 extra
735 1129 897 1185 Deum,
919 1128 998 1173 sed
1022 1133 1171 1173 totum
1195 1127 1242 1171 in
1267 1127 1376 1182 De0,
1407 1131 1453 1172 et
1473 1125 1567 1184 ipse
1591 1126 1713 1171 Deus
1744 1130 1867 1171 totus

271 1201 330 1246 sit
365 1202 595 1258 gaudium,
623 1204 904 1259 consequens
925 1207 1008 1258 est,
1047 1201 1169 1259 quod
1208 1200 1383 1258 primus
1406 1199 1612 1257 loquenS,
1637 1198 1783 1256 primo
1819 1204 1866 1243 et

273 1281 381 1321 ante
406 1275 552 1320 omnia
579 1274 781 1330 dixisset,
807 1277 939 1320 Deus,
963 1272 1121 1319 Oritur
1141 1278 1187 1318 et
1220 1272 1292 1317 hic
1327 1272 1412 1317 ista
1434 1270 1644 1329 quaestiO,
1669 1282 1777 1316 cum
1802 1269 1865 1314 di-

273 1350 418 1394 cimus
439 1347 662 1404 superius,
688 1359 769 1403 per
793 1345 913 1392 viam
935 1343 1235 1402 responsionis
1255 1343 1483 1388 hominem
1507 1342 1703 1399 primum
1728 1342 1866 1388 fuisse

272 1421 495 1475 locutum,
520 1419 557 1464 si
577 1419 806 1476 responsio
825 1418 927 1473 fuit,
952 1417 1038 1462 fuit
1063 1417 1119 1462 ad
1154 1417 1332 1472 Deum,
1358 1421 1404 1461 et
1438 1415 1475 1461 si
1498 1415 1556 1461 ad
1593 1415 1741 1461 Deum
1762 1414 1866 1470 fuit,

269 1493 360 1550 jam
381 1493 631 1548 videretur,
653 1492 775 1548 quod
800 1490 922 1535 Deus
946 1490 1133 1535 locutus
1155 1488 1398 1544 extitisset,
1419 1487 1542 1546 quod
1562 1491 1719 1532 contra
1734 1498 1866 1544 supe-

271 1568 368 1612 rius
392 1565 625 1623 praelibata
658 1564 847 1611 videtur
887 1563 1135 1619 insurgere.
1175 1561 1247 1606 Ad
1283 1561 1406 1619 quod
1437 1560 1623 1619 quidem
1660 1559 1867 1616 dicimus„

274 1640 395 1695 quod
406 1640 520 1683 hene
537 1636 685 1695 potuit
706 1635 1006 1693 respondisse,
1029 1634 1121 1679 Deo
1144 1634 1468 1689 interrogante,
1480 1643 1566 1677 neo
1580 1635 1766 1689 propter
1783 1631 1869 1689 hoc

273 1713 394 1757 Deus
427 1712 607 1757 locutus
638 1715 705 1756 est
740 1710 879 1767 ipsam
910 1719 1047 1766 quam
1077 1705 1267 1752 dicimus
1297 1704 1586 1752 locutionem.
1613 1703 1722 1759 Quis
1748 1703 1868 1762 enim

273 1785 449 1830 dubitat
486 1783 707 1843 quicquid
738 1788 823 1839 est,
860 1782 918 1827 ad
947 1780 1028 1826 Dei
1057 1785 1226 1825 nutum
1256 1790 1354 1825 esse
1388 1776 1584 1823 flexibile
1599 1775 1627 1822 ⁴?-
1652 1788 1743 1834 quo
1771 1775 1869 1834 qui·

273 1861 374 1905 dem
398 1860 531 1915 facta,
567 1870 658 1915 quo
690 1861 975 1911 conservata,
1005 1866 1096 1912 quo
1130 1852 1268 1898 etiam
1296 1851 1545 1908 gubernata
1573 1855 1682 1895 sunt
1705 1849 1866 1895 omnia.

272 1933 414 1990 Igitur
436 1944 541 1977 cum
571 1931 629 1976 ad
649 1935 796 1975 tantas
819 1928 1107 1974 alterationes
1129 1930 1371 1972 moveatur
1392 1925 1470 1969 aer
1488 1921 1676 1980 imperio
1691 1927 1867 1968 naturae

272 2003 508 2057 inferioriS,
542 2014 646 2060 quae
670 2001 876 2046 ministra
901 2005 946 2045 et
970 1999 1147 2045 factura
1172 1997 1253 2042 Dei
1282 2002 1368 2052 est,
1404 2000 1457 2041 ut
1488 1994 1688 2041 tonitrua
1717 2005 1869 2052 perso-

271 2081 392 2131 neat,
419 2075 570 2131 ignem
592 2073 831 2129 fulgoreat,
852 2082 1015 2128 aquam
1035 2073 1201 2126 gemat,
1231 2072 1411 2125 spargat
1434 2066 1607 2123 nivem,
1631 2066 1870 2124 grandines

270 2148 469 2194 lancinet
484 2145 534 2203 3²
563 2157 714 2191 nonne
743 2144 932 2201 imperio
956 2141 1038 2187 Dei
1072 2140 1334 2187 movebitur
1371 2139 1429 2184 ad
1462 2138 1672 2196 quaedam
1708 2151 1869 2185 sonare

269 2223 429 2277 verba,
449 2221 546 2278 ipso
571 2219 894 2274 distinguente,
919 2215 998 2273 qui
1020 2213 1188 2271 maj0ra
1219 2211 1460 2258 distinxit?
1485 2211 1651 2266 Quidni
1666 2209 1690 2257 ⁶?
1720 2212 1870 2269 Quare

268 2296 326 2340 ad
349 2295 450 2350 hoc,
477 2299 524 2340 et
548 2293 605 2339 ad
625 2292 835 2351 quaedam
855 2289 936 2335 alia
960 2289 1060 2336 haec
1083 2285 1296 2337 sufficere
1317 2283 1561 2338 credimus

307 2414 323 2442 1
346 2415 484 2449 Invece
508 2413 543 2448 di
563 2412 625 2447 Eli
645 2409 769 2447 aicuni
793 2407 881 2444 testi
906 2407 1031 2443 hanno
1153 2400 1175 2433 9
1200 2399 1386 2442 lancinet.
1424 2396 1491 2441 nai
1526 2405 1679 2443 toscona
1719 2403 1881 2440 lanciare

263 2463 330 2500 El:
347 2473 406 2499 ma
423 2465 486 2507 qui
505 2472 526 2498 e
543 2462 604 2499 nel
621 2464 728 2497 canto
746 2459 884 2504 XXVI,
901 2466 940 2493 v.
963 2458 1030 2496 434
1106 2452 1191 2493 fece
1215 2457 1332 2493 Dante
1360 2456 1559 2499 lancinare,
1581 2456 1772 2494 abusando
1792 2465 1882 2502 que·

261 2513 324 2548 dei
342 2511 536 2553 Paradiso,
1107 2511 1170 2543 tto
1200 2506 1320 2543 verbo
1351 2506 1469 2543 latino
1505 2514 1575 2552 per
1603 2507 1772 2551 iaculare
1808 2514 1883 2552 ec„

1108 2557 1195 2593 dico
1235 2557 1261 2592 11
1303 2551 1526 2605 Cborbinelli.
1567 2554 1598 2592 E
1639 2555 1777 2601 perche
1811 2565 1884 2591 non

1110 2602 1293 2653 piuttoeto
1323 2606 1384 2643 dal
1415 2605 1527 2642 basso
1557 2604 1675 2641 latino
1705 2606 1883 2648 lanceare,

261 2657 435 2705 pax-enchi
472 2656 592 2693 critici
629 2663 695 2691 son
726 2655 762 2690 di
789 2664 934 2700 parere,
960 2655 1030 2691 che
1111 2653 1201 2700 gun.
1223 2654 1356 2705 lav-cor,-
1376 2655 1503 2700 ,iacula
1526 2653 1706 2693 mittere‘?
1728 2655 1823 2692 Vedi
1856 2654 1882 2691 il

260 2708 381 2744 dobba
419 2705 582 2752 leggersi
605 2704 634 2749 I,
659 2705 697 2739 di
721 2707 856 2748 questa
879 2703 1027 2741 lezione
1111 2704 1296 2746 monario
1337 2706 1400 2751 del
1450 2706 1630 2752 Ducange
1677 2714 1700 2743 a
1748 2708 1885 2753 questa

261 2767 333 2795 non
359 2756 566 2794 mancando
590 2755 750 2802 esempii
775 2755 833 2792 ne’
850 2755 987 2791 codici.
1105 2761 1217 2794 voce,

292 2581 332 2611 m
351 2580 376 2611 ι’
389 2579 544 2618 appellum
563 2580 594 2609 in
612 2584 694 2610 terra
714 2578 738 2608 tl
757 2587 874 2610 sommo
891 2578 987 2610 bene.
