2054 3262
290 161 375 207 :246
880 169 1024 205 LmER
1059 168 1322 206 SECUNDUS.

291 269 450 319 iatam,
494 261 593 308 talis
633 261 682 308 in
719 263 924 310 secundo
965 270 1203 322 resurgat3
1237 270 1283 310 et
1314 265 1380 311 sic
1413 265 1469 311 de
1498 265 1597 312 aliis
1626 266 1820 326 pedibus
1848 274 1918 315 est

288 336 587 383 servandum.
620 337 673 382 In
703 337 916 384 versibus
948 350 1134 396 quoque
1165 338 1261 385 fere
1289 351 1474 398 semper
1496 340 1583 388 hac
1602 341 1702 399 lege
1725 341 1920 400 perfrui-

289 418 397 454 mur
407 422 422 466 3
456 414 502 455 et
533 408 629 455 fere
655 409 865 467 dicimus,
892 411 999 469 quia
1025 417 1216 469 propt-er
1239 414 1667 460 concatenationem
1690 420 1919 473 praenota·

290 487 397 539 tam,
440 487 487 528 et
529 483 918 529 combinationem
959 484 1271 530 desinentium
1313 485 1599 540 ultimarum,
1641 487 1919 545 quandoque

288 556 496 601 ordinem
524 555 618 614 jam
649 556 825 603 dictum
857 557 1064 615 perverti
1098 557 1338 615 contingit.
1377 558 1610 604 Praeterea
1641 557 1772 604 nobis
1802 559 1919 605 bene

290 630 543 676 convenire
573 631 778 687 videtur,
812 643 918 689 quae
950 632 1157 677 cavenda
1182 636 1292 676 sunt
1318 631 1440 678 circa
1463 631 1689 688 rithimOS,
1714 631 1823 679 huic
1847 644 1921 690 ap-

286 704 492 761 pendere
524 704 742 762 capitu10,
775 716 883 750 cum
908 703 955 748 in
980 704 1068 749 isto
1095 703 1210 749 libro
1237 704 1299 749 nil
1325 705 1522 751 ulterius
1547 705 1603 750 de
1626 704 1920 751 rithimorum

289 775 499 822 doctrina
532 781 720 834 tangere
751 776 1060 822 intendamus,
1096 776 1199 822 Tria
1224 789 1334 834 ergo
1359 782 1486 834 sunt,
1513 789 1619 836 quae
1646 778 1770 824 circa
1794 777 1920 823 rithi-

287 858 471 895 morum
502 849 778 907 positionem
807 850 1001 907 reperiri
1033 850 1228 896 dedecet
1258 850 1408 896 aulice
1441 855 1707 908 poetantem
1718 863 1734 907 3
1779 849 1920 896 nimia

287 925 462 971 scilicet
494 925 696 982 ejusdem
727 925 899 970 rithimi
931 924 1237 982 repercussiO,
1269 923 1354 970 nisi
1391 923 1510 970 forte
1542 935 1717 971 novum
1748 923 1922 982 aliquid
2000 956 2003 957 γ

286 1005 428 1057 atque
460 1000 745 1045 intentatum
769 1000 881 1044 artis
905 1000 992 1044 hoc
1017 999 1100 1045 sibi
1126 1005 1384 1057 praeroget3
1409 1005 1464 1045 ut
1489 998 1721 1045 nascentis
1744 998 1920 1044 militiae

287 1072 400 1128 dies,
442 1071 522 1129 qui
565 1085 674 1118 cum
714 1072 840 1118 nulla
881 1071 1189 1129 praerogativa
1220 1084 1351 1117 suam
1381 1071 1648 1128 indignatur
1678 1073 1922 1130 praeterire

288 1145 485 1192 dietam:
516 1146 604 1191 hoc
635 1146 808 1191 etenim
839 1158 923 1192 nos
954 1146 1105 1191 facere
1138 1146 1224 1193 visi
1257 1158 1419 1192 sumus
1451 1145 1536 1191 ibi:
1815 1139 1825 1148 ⁸

617 1267 634 1282 σι
660 1250 788 1297 Amor,
821 1256 861 1286 tu
891 1249 974 1285 vedi
1003 1250 1089 1297 ben,
1116 1250 1186 1285 che
1213 1255 1347 1298 questa
1375 1248 1545 1286 donna.¹
1576 1265 1594 1282 ι

287 1359 558 1408 Secundum
605 1374 720 1408 vero
772 1366 843 1406 est
890 1360 986 1419 ipsa
1030 1358 1206 1415 inutilis
1246 1358 1571 1417 aequivocatiO,
1601 1371 1709 1418 quae
1740 1371 1923 1417 semper

289 1436 535 1480 sententiae
559 1434 843 1492 quidcquam
865 1434 1084 1490 derogare
1109 1433 1299 1479 videtur
1311 1447 1326 1490 3
1343 1439 1389 1479 et
1411 1433 1603 1479 tertium
1628 1433 1923 1480 rithimorum

288 1508 525 1566 asperitaS,
557 1508 644 1552 nisi
673 1507 792 1553 forte
822 1507 882 1553 sit
913 1506 1091 1552 lenitati
1123 1506 1374 1563 permixta:
1410 1518 1517 1551 nam
1544 1505 1718 1551 lenium
1741 1518 1922 1564 aspero-

287 1593 490 1639 rumque
519 1581 811 1627 rithimorum
834 1581 1039 1626 mixtura
1064 1580 1159 1638 ipsa
1186 1580 1403 1637 tragoedia
1427 1579 1628 1626 nitescit.
1656 1578 1715 1625 Et
1740 1578 1842 1626 haec
1866 1577 1923 1625 de

286 1663 383 1705 artr
419 1663 558 1715 prout
588 1657 902 1703 habitudinem
934 1657 1137 1716 respicit,
1171 1662 1301 1703 tanta
1330 1655 1579 1703 sufficiant.

952 2061 1118 2110 CAPUT
1155 2062 1263 2109 XIV.

576 2213 631 2250 Dc
659 2222 817 2249 numero
845 2211 1061 2248 carminum
1091 2216 1128 2247 ct
1154 2210 1390 2259 syliabarum
1420 2209 1458 2246 in
1485 2209 1640 2247 stantia.

376 2324 450 2372 Ex
482 2338 574 2385 quo
605 2338 713 2384 quae
745 2330 855 2371 sunt
887 2324 1002 2370 artis
1031 2323 1079 2369 in
1112 2324 1327 2370 cantione
1356 2324 1467 2370 satis
1499 2324 1789 2372 sufficienter
1830 2331 1922 2372 tra-

290 2398 534 2454 ctavimuS,
575 2410 702 2443 nunc
743 2397 799 2442 de
837 2395 978 2442 tertio
1010 2395 1200 2442 videtur
1232 2408 1330 2442 esse
1363 2398 1676 2455 tractandum,
1708 2398 1926 2445 videlicet

290 2470 347 2516 de
363 2482 560 2516 numero
577 2471 837 2517 carminum
859 2477 905 2516 et
926 2470 1222 2529 syllabarum.
1247 2471 1305 2516 Et
1327 2471 1476 2529 primo
1497 2472 1757 2517 secundum
1783 2477 1927 2519 totam

287 2544 506 2592 stantiam
521 2544 683 2591 videre
704 2549 886 2602 oportet
908 2543 1095 2602 aliquid,
1112 2549 1159 2589 et
1181 2543 1353 2602 aliquid
1376 2543 1600 2600 dividere,
1622 2546 1748 2603 quod
1770 2552 1927 2604 postea

289 2616 552 2663 secundum
593 2621 747 2674 partes
788 2615 886 2673 ejus
928 2616 1201 2663 videbimus,
1246 2617 1412 2663 Nostra
1452 2629 1560 2674 ergo
1601 2617 1751 2676 primo
1781 2619 1925 2666 refert

291 2689 616 2736 discretionem
655 2688 805 2734 facere
846 2688 969 2733 inter
1009 2700 1076 2744 ea,
1121 2700 1227 2746 quae
1273 2689 1479 2734 canenda
1510 2694 1785 2746 occurrunt,
1818 2691 1924 2749 quia

297 2762 503 2822 {uaedam
527 2760 709 2807 stantiae
730 2759 1046 2819 prolixitatem
1067 2759 1290 2808 videntur
1309 2767 1548 2819 appetere,
1573 2762 1791 2820 quaedam
1814 2774 1925 2810 non:

327 2914 345 2943 ¹
369 2915 543 2954 Canzone
562 2914 611 2953 X.
