2054 3262
254 106 338 151 146
889 115 1033 152 LIBER
1063 87 1256 158 PRIMUS}

255 210 331 256 bet
357 222 436 256 sua
465 210 648 268 propria
673 210 826 270 speeie
858 210 1075 258 videatur
1099 213 1300 270 gaudere
1315 226 1331 271 3
1368 227 1454 274 per
1491 220 1702 278 proprios
1731 229 1886 281 actm,

255 282 330 329 vel
355 282 603 340 passioneS,
627 288 682 329 ut
723 283 918 330 brutum
950 285 1133 345 animal,
1170 285 1403 334 neminem
1447 290 1588 338 alium
1626 293 1884 355 intelligere

254 356 495 414 opinamur
506 370 521 414 3
543 368 630 403 nec
655 368 739 415 per
763 357 1047 415 spiritualem
1072 358 1448 418 speculationem,
1485 368 1539 409 ut
1564 365 1794 425 angelum,
1820 369 1880 414 al-

258 434 409 474 terum
429 429 628 476 alterum
646 430 839 477 introire
865 430 1090 490 contingit
1111 445 1120 476 ε
1147 444 1254 478 cum
1271 434 1480 490 grossitie
1496 441 1636 495 atque
1657 441 1883 498 opacitate

255 503 460 550 mortalis
487 505 692 563 corporis
716 505 947 552 humanus
970 507 1162 566 spiritus
1179 507 1238 553 sit
1263 508 1495 556 obtentus,
1530 510 1748 571 Oportuit
1774 528 1882 574 ergo

254 589 401 635 genus
424 578 681 624 humanum
705 578 764 624 ad
787 578 1178 625 comunicandum
1199 579 1321 626 inter
1346 593 1394 627 se
1421 585 1746 642 conceptiones
1760 600 1886 645 suaS,

254 651 436 710 aliquod
459 651 681 697 rationale
705 651 888 709 signum
913 656 958 697 et
983 652 1192 697 sensuale
1217 652 1385 700 hahere
1396 667 1412 712 3
1438 655 1544 714 quia
1570 669 1680 704 cum
1710 659 1884 718 aliquid

254 739 279 772 a
299 727 477 772 ratione
498 725 707 784 accipere
731 725 911 782 habeat,
937 730 983 771 et
1004 726 1051 771 in
1073 726 1299 773 rationem
1316 734 1519 787 portare,
1539 731 1761 779 rationale
1784 745 1882 779 esse

253 800 490 858 oportuit3
518 811 718 857 cumque
744 800 801 845 de
835 812 927 845 una
954 800 1132 846 ratione
1161 800 1208 844 in
1244 801 1376 847 aliam
1412 803 1521 849 nihil
1546 804 1714 850 deferri
1738 806 1885 864 possit

254 874 341 920 nisi
366 886 450 932 per
473 873 680 919 medium
704 874 930 930 sensuale,
974 875 1182 920 sensuale
1204 887 1302 921 esse
1327 878 1561 934 oportuit:
1590 879 1697 937 quia
1721 880 1760 926 si
1784 886 1882 927 tan·
1958 906 1960 908 -

255 954 355 995 tum
376 948 598 995 rationale
624 953 761 1004 esset,
783 949 1065 1006 pertransire
1087 961 1181 994 non
1198 956 1349 1008 posset
1365 964 1380 1008 ,-
1398 951 1435 997 si
1453 957 1636 998 tantum
1653 955 1884 1011 sensuale,

255 1034 340 1068 nec
360 1034 385 1067 a
402 1020 578 1068 ratione
599 1021 826 1079 accipere,
844 1034 932 1067 nec
958 1022 1004 1066 in
1028 1022 1256 1068 rationem
1276 1024 1505 1082 deponere
1525 1026 1882 1087 potuissetffloc

253 1095 471 1153 equidem
487 1094 670 1152 signum
687 1100 773 1152 est,
792 1094 942 1152 ipsum
964 1094 1227 1152 subJectum
1248 1097 1414 1154 nobile,
1433 1097 1490 1144 de
1508 1110 1601 1156 quo
1616 1099 1880 1158 loquimur:

252 1174 419 1214 natura
444 1168 653 1214 sensuale
683 1167 887 1225 quidem,
904 1167 952 1213 in
977 1175 1205 1226 quantum
1229 1181 1370 1215 sonus
1394 1176 1480 1228 est,
1506 1183 1604 1218 esse
1616 1185 1632 1230 ,·
1658 1172 1884 1220 rationale

253 1255 383 1301 ver0,
408 1244 456 1289 in
482 1248 711 1302 quantum
732 1242 903 1300 aliquid
929 1242 1187 1300 significare
1212 1243 1402 1292 videtur
1422 1246 1480 1291 ad
1504 1245 1741 1304 placitum.

930 1636 1093 1684 CAPUT
1125 1637 1197 1684 lV.

437 1789 506 1828 Cui
536 1789 684 1827 homini
711 1787 882 1838 primum
912 1786 1025 1824 datus
1052 1790 1109 1823 est
1138 1797 1278 1834 sermo,
1304 1786 1397 1836 quid
1427 1787 1556 1837 primo
1583 1788 1693 1838 dixit,

824 1860 862 1892 et
889 1855 962 1892 sub
990 1867 1067 1904 quo
1097 1855 1291 1892 idiomate.

337 1966 426 2014 Soli
456 1965 629 2012 homini
654 1965 815 2011 datum
836 1963 924 2011 fuit
949 1970 1002 2010 ut
1023 1964 1310 2022 loqueretur,
1342 1967 1397 2010 ut
1422 1974 1481 2010 ex
1513 1963 1763 2022 praemissis
1787 1977 1883 2011 ma-

254 2039 469 2087 nifestum
493 2045 576 2100 est.
618 2038 752 2084 Nunc
795 2049 981 2095 quoque
1019 2036 1395 2093 investigandum
1426 2048 1525 2082 esse
1545 2037 1776 2096 existimO,
1802 2040 1877 2086 cui

250 2113 486 2160 hominum
511 2111 714 2170 primum
737 2109 910 2156 locutio
937 2109 1041 2154 data
1075 2108 1152 2166 sit,
1193 2115 1240 2155 et
1276 2109 1389 2167 quid
1428 2108 1644 2167 primitus
1686 2111 1876 2159 locutus

246 2187 403 2244 fuerit,
430 2192 476 2232 et
498 2186 556 2231 ad
577 2197 734 2244 quem,
760 2189 807 2230 et
831 2183 927 2239 ubi,
954 2188 1000 2229 et
1026 2183 1228 2240 quando,
1249 2195 1338 2229 nec
1357 2195 1453 2229 non
1478 2188 1524 2229 et
1549 2184 1635 2230 sub
1657 2197 1750 2243 quo
1769 2186 1878 2232 idio-

244 2268 367 2308 mate
388 2259 733 2319 primiloquium
757 2257 1005 2304 emanavit.
1028 2257 1292 2303 Secundum
1315 2257 1502 2315 quidem
1523 2259 1648 2318 quod
1677 2259 1725 2305 in
1750 2261 1878 2319 prin-

245 2334 362 2394 cipio
406 2334 577 2391 legit-ur
614 2330 817 2388 GenesiS,
857 2330 935 2377 ubi
976 2331 1032 2375 de
1070 2328 1321 2388 primordio
1362 2330 1526 2376 mundi
1573 2332 1877 2380 sacratissima

246 2409 486 2467 Scriptura
507 2409 779 2465 pertractat,
805 2403 1047 2449 mulierem
1070 2402 1314 2450 invenitur
1333 2407 1440 2448 ante
1463 2414 1623 2448 omnes
1649 2401 1787 2451 fuisse
1811 2405 1880 2452 lo·

247 2489 418 2540 cutam,
444 2481 620 2528 scilicet
658 2477 1203 2538 praesumptuosissimam
1241 2475 1404 2533 Evam,
1445 2488 1554 2522 cum
1578 2475 1754 2523 diabolo
1789 2479 1880 2524 sci·

246 2558 430 2605 scitanti
451 2554 687 2614 respondit
707 2567 717 2599 :
742 2565 767 2599 e
785 2553 851 2599 De
875 2552 1034 2598 fructu
1050 2552 1298 2609 lignorum,
1325 2561 1432 2608 quae
1457 2557 1567 2597 sunt
1589 2550 1637 2596 in
1667 2552 1881 2610 paradiso

246 2629 480 2678 vescimur
490 2641 504 2685 3
547 2628 603 2672 de
627 2626 785 2672 fructu
811 2636 926 2672 vero
962 2623 1089 2681 ligni,
1126 2623 1251 2682 quod
1274 2628 1345 2669 est
1386 2622 1436 2668 in
1474 2623 1627 2669 medio
1661 2625 1880 2684 paradisi,

244 2703 466 2762 praecepit
506 2700 637 2747 nobis
677 2700 803 2746 Deus
838 2711 898 2744 ne
939 2699 1305 2755 comederemuS,
1346 2708 1434 2743 nec
1471 2701 1785 2755 tangeremUS,
1817 2709 1878 2743 ne

243 2779 362 2826 forte
381 2776 649 2824 moriamur.
692 2787 718 2821 »
746 2773 835 2819 Sed
859 2785 1140 2831 quamquam
1165 2772 1332 2818 mulier
1356 2771 1404 2817 in
1442 2770 1626 2829 scriptis
1648 2772 1779 2830 prius
1814 2772 1881 2818 in·

239 2852 462 2899 veniatur
486 2850 657 2903 locuta,
681 2847 950 2896 rationabile
972 2853 1127 2894 tamen
1144 2852 1230 2905 est,
1255 2851 1310 2893 ut
1335 2845 1566 2891 hominem
1588 2845 1718 2904 prius
1752 2845 1876 2892 locu·
