2054 3262
955 270 1251 350 QUAESTIO

547 434 679 526 DE
743 434 1014 543 AQUA
1079 428 1205 528 ET
1271 435 1606 528 TERRA.

632 711 898 767 QUAESTIO
931 714 1128 760 AUREA
1162 714 1234 760 AC
1269 715 1573 762 PERUTILIS

397 823 505 850 EDITA
536 825 604 850 PER
633 816 781 851 DANTEM
811 819 1060 861 Auentinum,
1094 826 1234 853 pomum
1266 827 1515 853 nonnarum!
1546 826 1804 864 cumssmtm,

440 899 486 924 DE
509 900 646 927 NATURA
670 902 816 929 ouomm
840 903 1099 930 ELEMENTORUM
1122 894 1248 935 AQUAE
1273 904 1316 930 m·
1342 895 1489 929 Tenum
1512 903 1770 931 mssnnssurml.

373 1055 608 1103 Universis
647 1064 693 1104 et
738 1059 927 1117 singulis
969 1067 1224 1118 praesentes
1253 1061 1430 1108 litteras
1466 1062 1762 1122 inspecturiS,
1798 1063 1918 1110 Dan·

283 1135 355 1175 tes
385 1129 610 1188 Alagherii
641 1133 695 1178 de
723 1133 967 1189 Florentia,
999 1134 1122 1180 inter
1153 1147 1266 1181 vere
1291 1135 1660 1195 philosophantes
1684 1136 1921 1193 minimuS‚
1981 1180 1983 1182 .
2008 1176 2011 1177 γ

282 1201 334 1247 in
357 1201 425 1248 Eo
446 1203 657 1261 salutem,
684 1206 763 1263 qui
786 1211 854 1252 est
879 1206 1160 1265 principium
1185 1208 1396 1255 veritatis
1422 1216 1468 1255 et
1493 1209 1666 1256 lumen.

376 1333 400 1397 ἓ
439 1337 469 1381 l.
513 1337 803 1383 Manifestum
849 1338 907 1384 sit
949 1339 1163 1386 omnibus
1206 1339 1352 1396 vobis,
1398 1339 1537 1397 quod,
1584 1338 1818 1386 existente
1847 1351 1923 1385 me

284 1409 503 1466 Mantuae,
535 1411 729 1468 quaestio
760 1410 976 1468 quaedam
1008 1416 1169 1457 exorta
1202 1416 1287 1466 est,
1319 1423 1426 1469 quae
1459 1410 1646 1457 dilatata
1666 1410 1922 1470 multotieS,

283 1483 345 1529 ad
374 1483 687 1541 apparentiam
712 1484 854 1542 magis
887 1496 1027 1542 quam
1057 1484 1116 1530 ad
1153 1484 1420 1542 veritatem,
1460 1483 1819 1530 indeterminata
1848 1495 1923 1530 re-

283 1556 452 1602 stabat.
496 1556 625 1601 Unde
656 1568 802 1615 quum
833 1555 882 1601 in
913 1567 1069 1602 amore
1111 1556 1322 1603 veritatis
1354 1569 1380 1602 a
1408 1555 1607 1613 pueritia
1636 1567 1739 1600 mea
1775 1556 1927 1601 conti-

288 1640 382 1674 nue
422 1628 507 1673 sim
551 1628 774 1684 nutritUS,
821 1641 916 1674 non
966 1628 1164 1675 sustinui
1215 1629 1523 1687 quaestionem
1562 1628 1804 1687 praefatam
1843 1628 1927 1674 lin-

287 1714 434 1760 quere
465 1702 798 1748 indiscussam:
832 1702 913 1748 sed
943 1702 1115 1760 placuit
1148 1702 1204 1748 de
1234 1703 1331 1762 ipsa
1362 1714 1533 1750 verum
1557 1701 1820 1758 ostendere,
1841 1714 1928 1748 nec

286 1787 383 1821 non
412 1782 684 1832 argumenta
715 1777 835 1823 facta
867 1782 1030 1823 contra
1063 1776 1329 1832 dissolvere,
1365 1781 1465 1823 tum
1513 1773 1725 1823 veritatis
1773 1786 1928 1840 amore

293 1855 395 1895 tum
426 1850 564 1896 etiam
596 1849 698 1897 odio
729 1850 949 1897 falsitatis,
981 1850 1041 1896 Et
1074 1863 1134 1897 ne
1178 1850 1298 1896 livor
1341 1849 1614 1906 multorum,
1655 1847 1736 1907 qui
1766 1848 1929 1894 absen-

292 1924 416 1970 tibus
445 1923 558 1971 viris
588 1922 825 1970 invidiosis
857 1922 1094 1969 mendacia
1130 1921 1393 1980 confingere
1414 1923 1589 1978 solent,
1617 1925 1719 1979 post
1746 1925 1930 1977 tergum

291 1995 412 2042 bene
444 1995 566 2042 dicta
597 2000 930 2052 transmutent,
962 1994 1132 2052 placuit
1185 1993 1374 2052 insuper
1405 1994 1455 2039 in
1482 1993 1568 2040 hac
1599 1993 1772 2048 {cedula
1817 1993 1932 2039 meis
1994 2012 1998 2013 ⁷

293 2071 447 2128 digitis
477 2075 676 2124 exarata,
713 2069 838 2128 quod
870 2069 1232 2115 determinatum
1272 2068 1361 2114 fuit
1395 2081 1420 2114 a
1450 2080 1526 2114 me
1565 2067 1847 2126 relinquere,
1883 2072 1932 2115 et

284 2144 486 2189 formam
520 2143 662 2189 totius
692 2142 1012 2201 disputationis
1043 2142 1216 2188 calamo
1254 2140 1495 2199 designare

1030 2384 1211 2432 Quaestio.

383 2526 413 2590 fi
443 2526 493 2573 II.
528 2524 731 2582 Quaestio
761 2523 904 2582 igitur
933 2522 1020 2569 fuit
1052 2522 1107 2568 de
1138 2522 1233 2568 situ
1260 2527 1307 2568 et
1332 2520 1496 2579 figura,
1521 2519 1620 2591 sive
1647 2518 1793 2566 forma
1821 2516 1933 2563 duo·

292 2613 405 2652 rum
435 2601 772 2646 elementorum
804 2599 946 2658 Aqaoe
971 2597 1190 2645 videlicet
1221 2602 1267 2642 et
1301 2599 1457 2643 Terroe
1470 2608 1492 2649 ,·
1523 2599 1570 2640 et
1595 2604 1713 2640 voco
1737 2591 1812 2636 hic
1834 2592 1935 2648 sor-

283 2688 421 2723 nam
451 2675 586 2728 illam,
635 2684 773 2731 quam
806 2670 1103 2727 Philosophus
1147 2668 1276 2726 ponit
1309 2668 1357 2713 in
1402 2671 1565 2725 quarta
1601 2663 1754 2723 specie
1785 2662 1932 2721 quali-

296 2752 405 2797 tatis
436 2750 484 2796 in
504 2748 895 2796 Proedicamentz’S.
928 2745 987 2791 Et
1020 2743 1233 2790 restricta
1263 2741 1351 2788 fuit
1383 2739 1580 2799 quaestio
1604 2738 1663 2785 ad
1686 2738 1790 2795 hoc,
1818 2742 1935 2783 tam-

288 2837 438 2883 quam
467 2823 524 2871 ad
567 2820 847 2882 principium
893 2817 1227 2877 investigandae
1259 2809 1487 2870 veritatis
1517 2818 1572 2861 ut
1605 2816 1933 2872 quaereretur:

2048 1282 2054 1330 ....
2046 1222 2054 1262 .-
2030 1020 2054 1200 §nanze-m„
2037 947 2054 1011 :Au-4:
2038 834 2054 936 affin-m
2039 806 2051 822 ·-
2040 747 2054 794 ..ar
2044 710 2054 734 .--
2048 668 2054 675 .
2048 585 2054 639 ,Λ-
2032 510 2054 571 ;;.·.
2047 474 2054 495 ...
2048 446 2054 461 ,η
2039 355 2041 358 ’
