2054 3262
311 172 396 219 374
930 189 1074 227 LIBER
1104 190 1329 230 TERTmS.

312 280 420 320 tate.
455 275 515 322 Et
545 276 631 324 1100
662 291 775 326 vero
808 281 863 326 de
893 283 1010 328 facili
1041 284 1238 331 solvitur
1254 300 1269 343 3
1301 300 1407 334 nam
1440 300 1547 334 cum
1585 289 1760 348 dicunt,
1809 291 1936 349 quod

310 349 426 395 Levi
458 357 504 396 et
535 353 692 411 JudaS,
725 353 803 399 filii
833 356 989 413 Jacob,
1020 357 1220 415 figurant
1253 360 1338 405 ista
1369 360 1461 406 duo
1491 360 1730 419 regimina,
1755 374 1936 420 possem
2024 406 2026 408 .

311 422 522 469 similiter
566 426 652 472 hoc
697 427 1006 476 interimendo
1057 432 1308 478 dissolvere
1320 446 1336 490 ,t
1383 433 1465 479 sed
1510 434 1807 482 concedatur.
1853 433 1937 480 Ar-

310 497 760 552 guendoinferunt:
795 502 924 549 Sicut
956 504 1070 551 Levi
1110 507 1331 563 praecedit
1362 508 1410 555 in
1445 506 1705 564 nativitate,
1741 508 1808 554 sic
1851 508 1937 555 Ec-

313 570 447 615 clesia
480 570 527 615 in
557 575 849 622 auctoritate.
882 577 995 623 Dico
1025 579 1263 625 similiter:
1299 581 1430 636 Quod
1460 581 1583 626 aliud
1615 586 1684 627 est
1714 582 1938 640 praedica-

312 648 414 688 tum
446 645 769 705 conclusionis,
802 654 848 695 et
879 651 1003 696 aliud
1032 652 1214 709 majoris
1246 653 1529 699 extremitas.
1564 653 1678 699 Nam
1711 653 1836 700 aliud
1868 660 1937 700 est

310 718 577 775 auctoritaS,
621 725 668 766 et
709 721 829 768 allud
878 723 1113 780 nativitaS,
1160 724 1367 781 subjecto
1413 732 1459 772 et
1501 726 1701 773 ratione:
1749 733 1940 785 propter

312 791 437 847 quod
462 799 686 848 peccatur
716 795 762 840 in
793 795 958 843 forma:
982 803 1028 843 et
1055 802 1124 843 est
1150 799 1309 845 similis
1336 811 1577 857 processus
1601 799 1733 846 huic:
1759 799 1799 846 A
1823 812 1939 858 pree-

313 864 433 910 cedit
460 865 495 909 Β
529 866 576 911 111
611 866 673 924 C,
706 869 743 913 D
777 874 823 915 et
855 870 891 915 E
924 883 972 915 se
1003 871 1172 917 habent
1205 877 1259 917 ut
1289 872 1328 917 A
1359 878 1406 918 et
1437 873 1493 917 B:
1518 884 1626 929 ergo
1647 872 1685 917 D
1711 873 1938 931 praecedit
1988 931 1991 934 ψ
2047 851 2054 898 '3

310 936 347 982 E
381 939 428 983 in
460 939 526 984 F:
562 940 597 986 F
628 954 741 988 vero
773 948 819 988 et
853 942 884 988 C
919 944 1101 990 diversa
1132 951 1256 990 sunt.
1289 944 1348 990 Et
1374 945 1412 991 si
1436 945 1643 992 facerent
1674 946 1940 993 instantiam

312 1012 534 1068 dicentes
568 1015 693 1072 quod
724 1015 758 1061 F
791 1017 1004 1074 sequitur
1033 1019 1090 1064 ad
1118 1018 1167 1072 C,
1200 1020 1285 1064 hoc
1318 1024 1387 1065 est
1418 1018 1670 1065 auctoritas
1694 1019 1752 1065 ad
1777 1019 1940 1066 nativi-

309 1091 472 1143 tatem,
496 1093 542 1132 et
564 1099 647 1145 pro
672 1090 975 1136 antecedente
1001 1090 1118 1135 bene
1142 1091 1342 1136 infertur
1369 1101 1668 1148 consequenS,
1697 1095 1750 1137 ut
1774 1090 1940 1136 animal

311 1171 396 1219 pro
426 1160 609 1206 homine
621 1175 635 1219 3
668 1161 768 1208 dico
799 1164 924 1221 quod
950 1163 1117 1209 falsum
1149 1171 1231 1210 est.
1267 1164 1395 1211 Multi
1429 1164 1552 1211 enim
1597 1169 1708 1210 sunt
1747 1163 1944 1222 majores
1997 1164 2000 1166 ’

307 1239 442 1288 natu,
475 1235 554 1292 qui
587 1249 679 1281 non
710 1237 858 1283 solum
883 1239 929 1284 in
955 1239 1233 1286 auctoritate
1259 1252 1353 1284 non
1378 1238 1672 1296 praecedunt,
1697 1238 1779 1284 sed
1803 1237 1942 1284 etiam

313 1307 649 1362 praeceduntur
679 1322 704 1353 a
733 1310 1010 1356 minoribus:
1046 1317 1099 1357 ut
1131 1318 1275 1369 patet,
1307 1313 1385 1358 ubi
1419 1311 1619 1369 episcopi
1665 1317 1776 1358 sunt
1824 1317 1938 1356 tem-

310 1379 529 1435 poraliter
553 1380 775 1438 juniores,
809 1395 948 1440 quam
979 1384 1048 1428 sui
1080 1384 1482 1444 archipresbyteri.
1515 1384 1574 1430 Et
1615 1383 1682 1431 sic
1721 1383 1938 1430 instantia
1992 1388 2000 1395 '

310 1450 500 1496 videtur
531 1465 685 1499 errare
714 1455 970 1500 secundum
1004 1469 1097 1502 non
1130 1469 1337 1502 caussam
1369 1463 1421 1503 ut
1453 1469 1625 1504 caussa.

401 1520 424 1584 ς
457 1524 527 1569 VI.
564 1525 628 1570 De
662 1526 792 1572 litera
825 1539 937 1572 vero
985 1529 1121 1586 primi
1168 1529 1270 1574 libri
1300 1530 1477 1586 Regum
1517 1535 1759 1576 assumunt
1802 1529 1941 1575 etiam

312 1598 593 1661 creationem
624 1605 671 1644 et
704 1599 1035 1658 depositionem
1069 1601 1237 1647 Saulis:
1271 1607 1317 1647 et
1349 1601 1526 1657 dicunt,
1558 1602 1683 1661 quod
1714 1601 1821 1649 Saul
1853 1613 1940 1647 rex

309 1672 648 1719 inthronizatus
678 1672 766 1718 fuit
800 1677 847 1718 et
879 1672 935 1718 de
967 1673 1133 1719 throno
1165 1673 1397 1731 depositus
1438 1685 1522 1731 per
1554 1674 1828 1730 Samuelem,
1860 1674 1940 1732 qui

308 1745 416 1792 vice
442 1744 527 1790 Dei
559 1745 614 1790 de
646 1750 882 1803 praecepto
912 1744 1207 1802 fungebatur,
1239 1750 1292 1791 ut
1323 1745 1372 1791 in
1410 1746 1538 1791 litera
1587 1752 1730 1805 patet.
1774 1747 1834 1792 Et
1879 1759 1940 1792 ex

308 1816 398 1864 hoc
429 1809 649 1875 arguunt,
681 1818 807 1875 quod
835 1817 1239 1875 quaemadmodum
1270 1818 1343 1864 ille
1374 1817 1458 1864 Dei
1501 1818 1704 1866 vicarius
1741 1817 1940 1865 auctori-

311 1897 457 1937 tatem
488 1891 647 1937 habuit
670 1890 807 1936 dandi
838 1896 885 1936 et
917 1890 1105 1937 tollendi
1130 1891 1337 1949 regimen
1362 1892 1627 1950 temporale,
1657 1892 1777 1939 etin
1800 1891 1940 1938 alium

310 1964 618 2012 transferendi
631 1978 645 2020 3
688 1964 755 2009 sic
800 1968 847 2009 et
894 1975 1022 2009 nunc
1053 1963 1135 2009 Dei
1166 1963 1383 2021 vicariUS,
1415 1963 1636 2010 Ecclesiae
1666 1963 1940 2011 universalis
2007 1996 2011 1997 ff

308 2038 517 2095 antisteS,
549 2038 876 2083 auctoritatem
906 2036 1044 2081 habet
1077 2037 1214 2082 dandi
1246 2042 1293 2082 et
1324 2036 1528 2094 tollendi,
1561 2041 1608 2082 et
1627 2035 1767 2083 etiam
1791 2041 1940 2082 trans-

310 2110 488 2156 ferendi
533 2116 772 2168 sceptrum
819 2109 1054 2167 regiminis
1095 2110 1372 2168 temporalis.
1412 2109 1486 2156 Ex
1525 2121 1617 2167 quc
1658 2108 1759 2154 sine
1799 2107 1942 2154 dubio

305 2189 601 2241 sequeretur,
634 2183 760 2241 quod
789 2182 1041 2229 auctoritas
1065 2182 1247 2239 imperii
1273 2182 1571 2240 dependeret,
1595 2186 1651 2228 ut
1677 2180 1853 2227 dicunt.
1880 2180 1950 2227 Et>

309 2255 369 2301 ad
397 2255 483 2302 hoc
514 2256 779 2312 dicendum,
812 2267 895 2313 per
925 2255 1332 2314 interemptionem
1363 2255 1462 2314 ejus
1493 2255 1619 2314 quod
1653 2253 1833 2311 dieunt,
1865 2253 1940 2300 Sa-

309 2330 512 2378 muelem
542 2330 623 2375 Dei
654 2329 917 2387 vicarium,
959 2329 1064 2388 quia
1097 2341 1191 2375 non
1220 2335 1274 2376 ut
1305 2329 1525 2387 Vlcarius,
1564 2329 1646 2375 sed
1676 2333 1730 2375 ut
1766 2328 1943 2386 legatus

307 2404 518 2461 specialis
557 2404 615 2450 ad
659 2403 762 2460 hoc,
795 2403 895 2451 sive
941 2403 1158 2460 nunciuS,
1205 2409 1396 2462 portans
1444 2403 1715 2450 mandatum
1759 2399 1942 2447 Domini

310 2488 598 2534 expressum,
629 2476 717 2523 hoe
745 2475 871 2522 fecit.
907 2475 1038 2532 Quod
1069 2479 1212 2532 patet,
1245 2475 1354 2533 quia
1384 2474 1606 2533 quicquid
1637 2474 1762 2520 Deus
1804 2471 1940 2529 dixit,

308 2549 396 2596 1100
426 2548 535 2595 fecit
565 2549 730 2605 solum,
763 2554 810 2595 et
839 2548 926 2595 hoc
951 2547 1126 2594 retulit.
1170 2547 1300 2594 Unde
1344 2547 1604 2604 sciendum,
1650 2544 1775 2604 quod
1818 2543 1941 2592 aliud

307 2628 380 2668 est
413 2635 510 2668 esse
541 2622 786 2680 vicarium,
825 2621 950 2667 aliud
979 2626 1049 2667 est
1082 2632 1180 2666 esse
1226 2619 1452 2666 nuncium
1498 2619 1599 2666 sive
1643 2616 1939 2664 ministrum:

306 2695 430 2741 sicut
462 2695 587 2740 aliud
618 2700 687 2740 est
709 2706 807 2741 esse
832 2694 1086 2751 doctorem,
1112 2693 1234 2741 aliud
1260 2698 1328 2739 est
1357 2705 1455 2739 esse
1479 2692 1800 2750 interpretem.
1827 2688 1942 2737 Nam

309 2768 514 2817 vicarius
544 2773 630 2825 est,
663 2767 737 2814 cui
761 2767 1023 2827 jurisdictio
1053 2780 1162 2815 cum
1196 2767 1295 2825 lege
1327 2766 1402 2828 vel
1435 2778 1545 2812 cum
1583 2764 1776 2812 arbitrio
1818 2775 1942 2810 com-

305 2841 439 2887 missa
474 2847 542 2888 est
551 2855 568 2900 ,-
602 2847 650 2888 et
679 2841 782 2888 ideo
810 2841 932 2889 intra
963 2842 1185 2888 terminos
1222 2839 1555 2899 ,iurisdictionis
1595 2838 1852 2886 commissae
1883 2837 1943 2886 de
