2054 3262
257 149 336 196 252
848 155 1016 194 SUMMA
1046 146 1276 196 cAmTUM'.

279 252 374 289 XlX.
404 250 509 297 Quod
538 249 723 289 idiomata
750 252 880 291 italica
910 254 957 292 ad
986 267 1104 293 unum
1134 255 1381 302 reducuntur,
1408 259 1446 291 ct
1478 253 1575 293 illud
1609 256 1779 304 appella-

452 322 514 355 tur
543 317 703 354 latinum
723 345 1657 358 .........................
1684 319 1774 369 Pag.
1800 319 1878 357 192

888 456 1002 512 mum
1033 474 1237 512 sacoma.

339 582 368 627 f.
397 589 540 636 Quibus
568 590 768 628 conveniat
797 591 850 629 uti
879 591 999 640 polito
1027 596 1064 627 et
1103 594 1241 626 ornato
1274 588 1438 639 vulgari,
1464 594 1502 626 et
1529 589 1668 639 quibus
1698 601 1774 628 non

453 653 653 690 conveniat
686 682 695 691 .
725 683 734 692 .
763 683 771 691 .
798 681 810 707 .·
839 680 1773 692 .........................
1802 653 1882 691 194

333 714 374 753 ΙΙ.
404 716 443 752 ln
473 727 546 764 qua
577 716 738 753 materia
767 716 968 753 conveniat
996 721 1130 753 oruata
1152 715 1369 764 eloquentia
1397 714 1569 765 vulgaris
1572 745 1775 755 ......
1803 716 1879 755 200

321 779 379 817 lll.
408 779 620 828 Distinguit
647 780 788 829 quibus
817 780 939 817 modis
968 779 1181 828 vulgariter
1208 777 1487 815 versificatores
1515 784 1734 827 poctantur.
1763 808 1774 818 .
1803 779 1880 818 204

315 841 371 879 tv.
404 843 455 879 De
484 843 671 879 varietate
699 842 779 880 stili
807 853 955 889 eorum,
982 842 1048 892 qui
1077 841 1226 891 poetice
1253 841 1428 878 scribunt
1455 870 1774 882 .........
1803 843 1878 881 208

337 904 380 942 V.
411 906 460 941 Oe
487 905 765 954 compositione
794 918 970 942 versuum
1001 910 1038 942 et
1065 904 1252 941 varietate
1281 915 1411 941 eorum
1443 916 1511 953 per
1538 905 1733 953 syllabas.
1761 935 1772 944 .
1801 906 1878 942 212

319 968 376 1005 w.
408 969 459 1004 De
488 969 594 1006 varia
623 969 920 1014 constructione,
947 980 1021 1017 qua
1051 967 1232 1005 utendum
1262 973 1318 1003 est
1346 967 1384 1003 in
1415 967 1658 1006 cantionibus
1687 997 1698 1007 .
1727 998 1736 1006 .
1764 997 1774 1006 .
1803 969 1880 1006 216

305 1030 376 1067 Vll.
404 1031 493 1076 Quae
522 1032 599 1068 sint
628 1032 802 1080 ponenda
831 1031 1028 1078 vocabula,
1056 1037 1093 1067 et
1121 1041 1204 1080 quae
1233 1030 1272 1067 in
1311 1036 1434 1067 metro
1463 1030 1613 1080 vulgari
1641 1030 1776 1068 cadere

450 1105 525 1130 non
553 1099 712 1142 possunt
745 1119 1774 1132 ...........................
1803 1093 1881 1131 220

290 1150 380 1193 Vlll.
409 1156 505 1201 Quid
534 1156 584 1193 sit
611 1157 751 1204 cantio,
779 1163 815 1194 et
842 1156 943 1206 quod
974 1157 1150 1206 pluribus
1178 1155 1299 1192 modis
1329 1155 1505 1192 variatur
1533 1182 1697 1194 .....
1726 1185 1735 1192 .
1765 1185 1775 1194 .
1804 1149 1881 1193 224

320 1217 381 1254 tx.
409 1218 499 1264 Quae
526 1218 604 1256 sint
633 1220 868 1268 principales
898 1220 935 1256 in
966 1219 1143 1256 cantione
1184 1223 1327 1267 partes,
1355 1224 1391 1254 et
1419 1217 1519 1267 quod
1556 1219 1698 1255 stantia
1738 1219 1776 1256 in

446 1282 623 1319 cantione
650 1282 906 1331 principalior
926 1293 1016 1330 pars
1045 1287 1099 1318 est
1104 1308 1774 1320 ..................
1803 1281 1879 1319 228

327 1345 372 1383 X.
401 1345 498 1390 Quid
515 1346 563 1382 sit
579 1351 712 1383 cantus
731 1345 895 1390 stantiae,
915 1351 951 1381 et
971 1344 1072 1394 quod
1101 1344 1241 1382 stantia
1262 1344 1435 1381 variatur
1457 1343 1633 1393 pluribus
1654 1344 1777 1381 modis

450 1407 486 1443 in
515 1406 691 1444 cantione
709 1435 873 1445 .....
904 1435 912 1446 -.
941 1434 1775 1445 ......................
1805 1405 1881 1445 Ἐ30

303 1470 365 1508 xl.
394 1471 446 1506 De
474 1469 700 1506 habitudine
726 1469 895 1516 stantiae,
924 1470 969 1506 de
999 1481 1157 1506 numero
1187 1469 1324 1517 pedum
1346 1474 1383 1505 et
1401 1468 1654 1518 syllabarum,
1673 1468 1775 1505 etde

449 1532 696 1570 distinctione
724 1533 937 1569 carminum
969 1531 1235 1581 ponendorum
1257 1531 1295 1568 in
1315 1531 1520 1567 dictamine
1536 1559 1775 1569 .......
1804 1530 1880 1568 234

290 1595 367 1632 Xll.
395 1595 447 1632 Ex
475 1595 612 1644 quibus
640 1595 873 1632 carminibus
902 1595 995 1631 fiant
1022 1594 1184 1642 stantiae,
1207 1593 1308 1630 etde
1336 1605 1495 1630 numero
1536 1592 1775 1641 syllabarum

445 1656 484 1694 in
512 1657 746 1694 carminibus
751 1683 1541 1695 .....................
1570 1683 1580 1692 .-
1611 1682 1775 1694 .....
1804 1654 1879 1693 238

275 1719 369 1758 Xlll.
398 1721 449 1757 De
478 1720 663 1758 relatione
679 1720 1082 1769 rithimon·nm‚etquo
1111 1718 1247 1757 ordine
1282 1718 1448 1768 ponendi
1463 1718 1605 1755 suntin
1622 1717 1777 1756 stantia.
1803 1717 1880 1754 242

271 1783 363 1820 XIV.
395 1785 446 1820 De
474 1795 635 1820 numero
663 1784 878 1822 carminum
909 1789 945 1821 et
973 1783 1209 1833 syllabarum
1232 1781 1270 1819 in
1288 1781 1429 1819 stantia
1451 1809 1775 1820 .........
1803 1780 1878 1818 246
