2028 3256
183 133 269 178 440
602 138 827 180 QUAESTIO
858 137 918 173 nn
953 137 1083 179 AQUA
1115 139 1179 175 ΕΤ
1212 134 1389 174 TERRA.

185 236 291 281 sius.
326 236 437 290 Quae
469 232 657 291 quidem
687 231 926 289 longitudo
960 235 1084 276 tanta
1116 235 1200 285 est,
1231 235 1284 276 ut
1325 230 1566 277 occidente
1610 229 1730 287 Sole,
1758 229 1808 277 in

187 306 491 365 aequinoctiali
515 304 760 358 existente,
788 303 872 348 illis
900 303 977 361 qui
1004 308 1113 349 sunt
1139 302 1187 347 in
1207 303 1351 348 altero
1379 301 1698 360 terminorum,
1721 302 1811 348 ori·

188 388 264 427 tur
289 381 374 426 illis
403 380 481 437 qui
513 384 622 423 sunt
657 377 703 422 in
734 377 892 433 altem,
922 377 1043 422 sicut
1076 388 1159 433 per
1184 375 1388 433 eclipsim
1419 374 1564 422 Lunae
1597 387 1812 434 comper-

188 463 286 502 tum
313 461 380 500 est
412 455 467 499 ab
500 452 751 509 astrologis.
794 451 937 508 Igitur
968 455 1150 508 oportet
1195 449 1413 495 terminos
1446 448 1685 506 praedictae
1716 449 1810 495 lon-

186 530 406 587 gitudinis
428 528 596 573 distare
618 539 700 584 per
725 526 907 572 CLXXX
931 526 1114 582 gradus,
1142 536 1246 582 quae
1279 529 1348 569 est
1383 522 1565 568 dimidia
1599 521 1814 569 distantia

188 605 328 650 totius
361 601 763 649 circumferentiae.
786 602 875 647 Per
905 601 1067 646 lineam
1111 612 1223 647 vero
1259 598 1530 655 latitudiniS,
1562 603 1616 645 ut
1656 609 1811 644 comu-

188 678 310 722 niter
330 677 548 721 habemus
568 676 624 720 ab
642 675 828 731 eisdem,
851 674 1124 720 extenditur
1144 674 1199 718 ab
1221 673 1321 729 illis,
1343 684 1541 730 quorum
1563 670 1719 717 zenith
1742 677 1813 717 est

189 750 389 796 circulus
415 748 760 807 aequinoctialis,
778 761 926 805 usque
951 748 1008 793 ad
1036 748 1147 803 illos,
1171 759 1371 805 quorum
1394 746 1548 793 zenith
1567 752 1637 792 est
1663 746 1813 792 circu·

190 824 258 868 lus
284 823 544 880 descriptus
567 835 591 867 a
618 821 720 880 polo
744 821 913 866 zodiaci
951 821 1072 866 circa
1107 820 1262 878 polum
1297 819 1476 876 mundi,
1509 817 1586 876 qui
1620 818 1758 864 distat
1790 831 1813 865 a

189 897 291 954 polo
317 896 475 942 mundi
517 895 701 941 circiter
739 895 868 940 XXIII
907 895 1109 950 gradus:
1144 900 1190 939 et
1220 894 1286 939 sic
1316 893 1526 939 extensio
1562 892 1823 939 latitudinis-

189 979 257 1018 est
280 972 406 1030 quasi
434 972 583 1017 LXVII
608 971 850 1028 graduum,
878 976 923 1015 et
954 982 1047 1014 non
1082 970 1218 1025 ultra,
1253 974 1307 1014 ut
1342 973 1469 1026 patet
1502 968 1719 1015 intuenti.
1757 967 1818 1014 Et

189 1045 255 1090 sic
281 1050 419 1102 patet,
446 1044 569 1102 quod
596 1049 768 1088 terram
793 1047 1107 1099 emergentem
1130 1047 1311 1099 oportet
1335 1042 1502 1087 hahere
1522 1041 1718 1099 figuram
1747 1053 1817 1087 se-

188 1119 382 1176 milunii,
408 1119 480 1165 vel
508 1117 637 1175 quasi
651 1131 666 1172 ;
693 1118 798 1175 quia
824 1117 895 1162 illa
922 1117 1068 1174 figura
1093 1117 1288 1163 resultat
1319 1130 1379 1163 ex
1414 1122 1542 1163 tanta
1576 1115 1821 1162 latitudine·

191 1198 237 1238 et
262 1191 562 1248 longitudine,
582 1195 636 1236 ut
654 1196 794 1248 patet.
825 1189 866 1235 Si
886 1202 999 1236 vero
1016 1190 1204 1236 haberet
1221 1189 1508 1235 horizontem
1529 1189 1825 1244 circularem,
1894 1214 1903 1222 κ

191 1266 380 1311 haberet
405 1264 601 1321 figuram
625 1264 897 1310 circularem
924 1276 1029 1309 cum
1057 1275 1293 1309 convexo:
1322 1268 1367 1308 et
1393 1263 1459 1308 sic
1497 1263 1734 1321 longitudo
1772 1270 1820 1310 et

192 1335 384 1381 latitudo
405 1346 498 1378 non
524 1332 760 1379 differrent
780 1333 827 1377 in
861 1333 1076 1379 distantia
1111 1333 1417 1379 terminorum
1434 1347 1449 1390 3
1485 1334 1607 1381 sicut
1638 1335 1827 1382 manife-

193 1413 318 1452 stum
340 1417 438 1450 esse
462 1410 614 1463 potest
641 1405 781 1450 etiam
806 1404 1092 1450 mulieribus,
1120 1403 1180 1450 Et
1203 1405 1270 1451 sic
1294 1412 1422 1463 patet
1449 1407 1504 1453 de
1539 1408 1677 1455 tertio
1717 1422 1823 1468 pro-

193 1479 338 1537 posito
362 1478 409 1523 in
434 1479 593 1523 ordine
616 1478 931 1525 dicendorum.

587 1725 640 1762 Dc
668 1737 780 1762 causa
808 1724 993 1763 efficiente
1021 1727 1244 1765 elevationis
1269 1729 1410 1767 Terrae.

285 1848 308 1909 g
335 1849 420 1895 XX.
445 1849 604 1895 Restat
626 1862 753 1895 nunc
777 1849 938 1895 videre
965 1850 1020 1894 de
1047 1862 1181 1896 causa
1203 1849 1323 1897 finali
1350 1856 1396 1897 et
1428 1849 1660 1898 efficiente
1691 1850 1834 1910 hujus

196 1922 465 1969 elevationis
490 1929 644 1978 terrae,
672 1934 777 1980 quae
804 1923 1112 1968 demonstrata
1139 1928 1207 1968 est
1233 1921 1546 1970 sufficienter:
1575 1929 1621 1971 et
1650 1924 1725 1971 hic
1759 1932 1831 1971 est

197 1997 309 2043 ordo
333 1996 579 2043 artificialis
589 2010 604 2053 3
627 2008 733 2042 nam
760 1997 955 2054 quaestio
980 2009 1037 2041 an
1060 2002 1144 2052 est,
1173 1997 1307 2043 debet
1328 1998 1592 2055 praecedere
1616 1997 1830 2056 quaestio·

197 2083 304 2116 nem
326 2077 515 2128 propter
539 2070 651 2127 quid
677 2076 760 2116 est.
788 2070 847 2115 Et
875 2071 929 2114 de
957 2082 1092 2116 causa
1127 2069 1250 2114 finali
1285 2069 1535 2127 sufficiant,
1572 2083 1679 2129 quae
1707 2072 1829 2118 dicta

199 2148 307 2188 sunt
330 2143 376 2187 in
402 2143 698 2200 praemediata
724 2142 1033 2188 distinctione.
1062 2143 1260 2201 Propter
1285 2156 1467 2190 causam
1492 2157 1606 2191 vero
1628 2143 1831 2191 efficien-

201 2222 295 2262 tem
320 2216 699 2274 investigandam,
726 2217 1081 2274 praenotandum
1107 2224 1192 2273 est,
1217 2219 1341 2275 quod
1368 2223 1593 2264 tractatus
1627 2231 1835 2277 praesens

200 2301 294 2335 non
318 2295 388 2335 est
413 2295 545 2336 extra
566 2291 805 2337 materiam
827 2291 1099 2347 naturalem,
1127 2291 1233 2348 quia
1259 2291 1384 2338 inter
1408 2304 1490 2337 ens
1529 2292 1711 2349 mobile,
1740 2292 1833 2338 sci-

199 2364 307 2411 licet
329 2377 494 2423 aquam
519 2370 565 2410 et
588 2370 776 2421 terram,
802 2377 906 2422 quae
932 2371 1043 2411 sunt
1069 2377 1260 2422 corpora
1287 2365 1512 2412 naturalia
1535 2378 1549 2421 3
1571 2371 1617 2411 et
1643 2372 1839 2424 propter

202 2439 300 2485 haec
326 2440 576 2497 quaerenda
607 2445 676 2485 est
715 2441 950 2485 certitudo
988 2441 1247 2486 secundum
1287 2440 1526 2486 materiam
1558 2441 1834 2496 naturalem,

203 2525 308 2570 quae
332 2518 400 2557 est
420 2513 493 2558 hic
519 2513 708 2558 materia
732 2512 965 2570 subjecta:
996 2525 1102 2558 nam
1136 2513 1257 2559 circa
1289 2513 1656 2571 unumquodque
1689 2524 1840 2570 genus

205 2587 251 2631 in
278 2592 458 2632 tantum
486 2586 716 2632 certitudo
738 2587 986 2644 quaerenda
1013 2592 1099 2642 est,
1124 2586 1171 2631 in
1198 2592 1427 2644 quantum
1459 2590 1626 2649 natura
1662 2585 1729 2631 rei
1761 2596 1836 2631 re-
1866 2600 1869 2603 ·

207 2660 316 2717 cipit
329 2673 343 2716 3
366 2667 419 2705 ut
442 2665 568 2717 patet
593 2672 653 2706 ex
673 2661 820 2717 primo
842 2661 1123 2706 Ethicorum.
1154 2662 1304 2716 Quum
1329 2660 1472 2717 igitur
1495 2659 1650 2705 innata
1675 2658 1733 2704 sit
1755 2671 1839 2705 no-

207 2731 273 2776 his
295 2731 370 2778 via
395 2731 727 2788 investigandae
753 2732 964 2779 veritatis
989 2733 1112 2779 circa
1137 2734 1363 2779 naturalia
1389 2746 1449 2779 ex
1473 2732 1729 2779 notioribus
1756 2744 1837 2778 no-

207 2804 288 2860 bis,
319 2810 501 2850 naturae
529 2816 642 2851 vero
667 2805 820 2850 minus
856 2804 976 2850 notis
1018 2806 1215 2853 certiora
1255 2812 1436 2852 naturae
1477 2811 1524 2851 et
1561 2805 1753 2861 notiora,
1784 2811 1838 2851 ut

206 2883 331 2937 patet
359 2891 416 2923 ex
442 2879 589 2935 primo
616 2879 918 2937 Physicorum
935 2894 958 2934 ;
984 2885 1030 2925 et
1056 2879 1259 2926 notiores
1292 2879 1384 2926 sint
1422 2879 1554 2927 nobis
1588 2879 1635 2925 in
1671 2880 1836 2927 talibus
