2028 3256
221 162 307 207 436
644 167 866 210 QUAEsTm
897 168 957 203 DE
990 165 1123 210 AQUA
1154 167 1217 203 ET
1248 167 1426 206 TERnA.

221 265 450 313 instantiae
483 264 759 322 principalis.
790 263 920 309 Unde
951 265 1322 322 respondendum
1354 272 1440 324 est,
1471 269 1597 326 quod
1624 270 1743 318 ratio
1782 271 1851 319 in-

222 339 404 385 stantiae
438 336 680 395 sophistica
712 342 795 392 est,
828 337 934 395 quia
964 337 1075 383 fallit
1108 339 1364 384 secundum
1397 339 1525 398 quid,
1559 347 1606 388 et
1636 343 1852 403 simplici-

222 419 294 458 ter
327 416 515 468 propter
545 409 681 466 quod.
717 409 965 454 Sciendum
997 414 1080 465 est,
1112 410 1236 467 quod
1267 416 1431 457 natura
1464 412 1736 462 universalis
1756 430 1852 464 non

219 487 474 531 frustratur
506 496 588 528 suo
614 482 736 527 fine:
771 483 893 528 unde
927 484 1034 529 licet
1068 489 1233 529 natura
1280 486 1568 542 particularis
1609 488 1852 547 aliquando

221 564 412 616 propter
444 556 783 601 inobedentiam
813 557 1019 602 materiae
1051 557 1107 602 ab
1139 556 1318 602 intento
1350 557 1440 604 fine
1470 558 1754 620 frustretur3
1778 575 1853 610 na-

221 637 325 676 tura
358 637 510 675 tamen
543 629 814 676 universalis
847 630 973 675 nullo
1019 630 1154 675 modo
1200 635 1351 687 potest
1399 643 1423 676 a
1469 643 1552 678 sua
1595 631 1850 690 intentione

222 703 436 761 deficere,
469 716 615 761 quum
646 708 828 749 naturae
860 701 1110 748 universali
1143 701 1383 758 aequaliter
1411 708 1544 748 actus
1575 710 1622 750 et
1645 706 1851 762 potentia

220 790 394 836 rerum,
429 790 533 835 quae
564 783 756 835 possunt
789 788 886 822 esse
910 782 955 821 et
982 789 1074 821 non
1099 787 1213 831 esse,
1240 775 1517 833 subjaceant.
1546 778 1634 824 Sed
1658 778 1852 826 intentio

221 857 401 896 naturae
433 850 707 897 universalis
733 856 817 906 est,
850 856 902 896 ut
935 863 1095 896 omnes
1115 850 1291 908 formae,
1315 863 1419 908 quae
1446 858 1556 897 sunt
1581 850 1628 897 in
1648 853 1854 910 potentia

222 925 427 971 materiae
460 923 637 982 primae,
670 923 955 968 reducantur
987 922 1034 966 in
1065 928 1246 967 actum:
1275 928 1321 967 et
1345 923 1602 968 secundum
1626 923 1852 970 rationem

222 1001 389 1060 speciei
421 1001 515 1046 sint
547 999 594 1043 in
624 1004 733 1043 actu
750 1011 763 1054 3
797 1003 848 1042 ut
875 996 1065 1042 materia
1100 998 1260 1055 prima,
1292 998 1550 1043 secundum
1580 1011 1710 1045 suam
1740 1004 1854 1046 tota-

222 1077 413 1131 litatem,
446 1074 505 1118 sit
536 1072 621 1117 sub
654 1071 777 1116 omni
807 1071 951 1117 forma
984 1070 1220 1127 materiali,
1248 1071 1356 1117 licet
1387 1071 1645 1117 secundum
1673 1078 1852 1130 partem

221 1150 279 1195 sit
312 1148 398 1193 sub
429 1145 555 1190 omni
586 1144 845 1202 privatione
896 1143 1118 1201 opposita,
1165 1149 1338 1201 praeter
1383 1156 1538 1190 unam.
1583 1144 1698 1191 Nam
1745 1157 1852 1192 cum

220 1232 378 1266 omnes
408 1218 586 1272 formae,
630 1228 734 1273 quae
775 1220 884 1261 sunt
915 1215 963 1260 in
994 1216 1201 1273 potentia
1237 1217 1446 1263 materiae
1491 1217 1714 1275 idealiter,
1759 1219 1852 1265 sint
1902 1238 1911 1247 κ

219 1294 267 1339 in
292 1299 399 1338 actu
427 1291 474 1335 in
505 1296 682 1335 motore
709 1289 827 1344 coeli,
859 1294 913 1333 ut
947 1289 1057 1334 dicit
1090 1289 1385 1335 Comentator
1415 1290 1463 1335 in
1502 1291 1557 1336 de
1598 1292 1853 1339 substantia

228 1368 393 1419 Orbis;
423 1365 460 1410 si
492 1376 651 1409 omnes
682 1363 782 1408 istae
815 1363 974 1408 formae
1007 1376 1099 1408 non
1131 1369 1284 1409 essent
1315 1376 1496 1422 semper
1526 1365 1574 1409 in
1603 1371 1729 1422 actu,
1758 1378 1851 1412 mo-

221 1446 294 1486 tor
327 1438 427 1484 coeli
453 1436 671 1482 deficeret
695 1436 750 1480 ab
778 1435 1042 1492 integritate
1066 1435 1316 1482 diffusionis
1341 1449 1436 1483 suae
1462 1438 1706 1485 bonitatis:
1729 1440 1855 1498 quod

221 1526 315 1559 non
341 1518 409 1558 est
443 1511 707 1557 dicendum.
740 1509 799 1554 Et
831 1520 977 1566 quum
1008 1522 1168 1555 omnes
1198 1509 1358 1556 formae
1389 1513 1645 1559 materiales
1669 1525 1856 1571 genera-

219 1588 378 1633 bilium
411 1592 456 1631 et
491 1584 874 1642 corruptibilium,
908 1589 1082 1640 ‘praeter
1112 1583 1279 1629 formas
1310 1584 1662 1642 elementorum,
1704 1587 1856 1646 requi-

225 1668 328 1709 rant
359 1660 600 1707 materiam
632 1663 678 1704 et
711 1655 974 1714 subjectum
1007 1658 1207 1703 mixtum
1238 1663 1284 1704 et
1318 1658 1752 1718 complexionatum,
1797 1662 1856 1707 ad

222 1735 360 1793 quod,
393 1740 615 1790 tanquam
644 1731 701 1777 ad
732 1729 889 1786 finem,
921 1729 1128 1775 ordinata
1174 1735 1285 1776 sunt
1325 1730 1570 1788 elementa,
1617 1731 1667 1778 in
1709 1745 1855 1792 quan-

223 1815 324 1855 tum
354 1807 580 1853 elementa
598 1818 612 1862 3
646 1810 692 1850 et
723 1803 886 1850 mixtio
918 1815 1015 1849 esse
1047 1816 1139 1850 non
1170 1805 1326 1864 possit,
1358 1805 1438 1852 ubi
1462 1806 1696 1853 miscibilia
1720 1807 1854 1855 simul

221 1893 317 1927 esse
348 1893 442 1927 non
471 1884 681 1937 possunt,
714 1882 766 1923 ut
800 1877 855 1922 de
888 1890 936 1923 se
967 1882 1125 1935 patet:
1169 1889 1358 1923 necesse
1404 1883 1489 1933 est,
1536 1890 1635 1925 esse
1674 1885 1854 1938 partem

219 1954 268 1999 in
297 1953 532 2008 univers0,
559 1951 636 1996 ubi
670 1949 822 1995 omnia
854 1949 1107 2005 miscibilia,
1134 1949 1308 1995 scilicet
1335 1950 1577 2008 elementa,
1603 1954 1854 2000 convenire

220 2027 394 2087 possint
420 2040 428 2071 :
462 2026 561 2071 haec
592 2031 750 2070 autem
775 2037 873 2070 esse
899 2037 993 2070 non
1018 2030 1186 2081 posset,
1213 2024 1298 2069 nisi
1325 2030 1446 2070 terra
1474 2025 1521 2071 in
1546 2026 1695 2085 aliqua
1722 2036 1852 2085 parte

221 2106 496 2158 emergeret,
530 2103 582 2144 ut
615 2103 742 2155 patet
788 2097 1004 2142 intuenti.
1051 2097 1179 2142 Unde
1226 2109 1333 2143 cum
1381 2097 1626 2144 intentioni
1671 2106 1853 2147 naturae

219 2170 494 2216 universalis
524 2168 672 2214 omnis
704 2173 871 2213 natura
901 2166 1080 2212 obediat
1099 2179 1112 2223 3
1145 2178 1333 2213 necesse
1364 2166 1449 2213 suit
1496 2168 1631 2214 etiam
1680 2177 1855 2227 praeter
1901 2228 1903 2230 μ

222 2244 473 2302 simplicem
503 2248 716 2289 naturam
750 2247 905 2297 terrae,
936 2251 1041 2297 quae
1073 2245 1140 2285 est
1172 2251 1270 2286 esse
1306 2241 1536 2296 deorsum,
1556 2242 1703 2290 inesse
1723 2244 1854 2291 aliam

222 2325 453 2374 naturam,
486 2329 568 2374 per
599 2326 737 2373 quam
768 2312 974 2358 obediret
1000 2311 1242 2358 intentioni
1266 2312 1537 2360 universalis
1561 2321 1742 2363 naturae
1759 2329 1776 2375 ;
1801 2322 1855 2364 ut

223 2393 396 2440 scilicet
427 2394 666 2450 pateretur
696 2387 865 2434 elevari
891 2387 938 2433 in
959 2393 1089 2445 parte
1114 2400 1139 2432 a
1161 2386 1339 2434 virtute
1362 2388 1477 2446 coeli,
1504 2394 1722 2448 tanquam
1747 2390 1854 2437 obe-

225 2467 353 2512 diens
383 2479 407 2511 a
433 2461 759 2524 praecipiente:
791 2460 911 2507 sicut
944 2461 1156 2508 videmus
1188 2461 1243 2506 de
1285 2461 1627 2520 concupiscibili
1677 2469 1724 2510 et
1765 2464 1853 2510 ira-

224 2541 369 2587 scibili
408 2540 456 2584 in
490 2537 704 2596 homine:
738 2547 844 2593 quae
886 2534 992 2580 licet
1034 2535 1292 2581 secundum
1338 2537 1576 2595 proprium
1626 2536 1850 2596 impetum

228 2614 434 2660 terantur
463 2610 720 2658 secundum
749 2608 1015 2656 sensitivam
1048 2608 1352 2666 affectionem,
1394 2610 1652 2666 secundum
1696 2615 1851 2658 tamen
