1956 3250
174 153 260 197 443
596 161 820 203 QUAESTIO
851 163 911 200 DE
946 162 1080 206 AQUA
1112 163 1173 199 ΕΤ
1205 164 1385 204 TnnRA.

171 265 269 299 esse
296 254 343 299 in
372 254 522 300 altiori
551 254 668 310 locO,
704 254 805 300 dico
838 256 961 312 quod
992 269 1160 302 verum
1191 264 1261 304 est
1287 263 1548 309 secundumv
1578 269 1812 327 propriam

170 333 384 373 naturam
411 328 912 387 utriusquecorporis3
939 330 1020 375 sed
1051 343 1134 388 per
1159 334 1581 390 supereminentem
1625 354 1810 391 causam

170 401 246 460 (ut
272 403 485 460 superius
513 403 687 448 dIctum
717 403 807 463 est)
833 405 1017 461 accidit,
1048 404 1096 451 in
1127 406 1211 452 hac
1243 414 1373 465 parte
1404 415 1575 458 terram
1602 425 1702 462 esse
1731 430 1811 465 su·

170 476 399 532 perierem
412 490 425 533 3
458 483 504 523 et
530 477 595 523 sic
626 477 743 523 ratio
771 477 1011 524 deficiebat
1037 480 1082 525 in
1108 479 1253 537 prima
1275 483 1596 540 propositione.
1622 488 1693 535 Ad
1718 495 1810 536 ter-

167 550 301 606 tium,
331 563 439 595 cum
466 550 666 596 dicitur:
701 549 859 596 Omnis
890 552 1057 609 opiniO,
1090 565 1196 610 quae
1231 554 1504 602 contradicit
1536 559 1705 616 sensui,
1737 568 1806 608 est

167 622 281 666 mala
310 622 477 680 opiniO,
506 623 607 668 dico
634 624 757 682 quod
782 623 866 669 ista
893 623 1007 669 ratio
1029 623 1239 681 procedit
1261 636 1321 671 ex
1342 625 1448 671 falsa
1470 626 1806 685 imaginatione.

163 696 476 752 Imaginantur
497 696 620 741 enim
642 701 814 751 nautae,
835 695 956 753 quod
984 695 1086 740 ideo
1113 707 1205 740 non
1225 695 1414 743 videant
1442 703 1628 758 terram,
1655 702 1702 748 in
1727 716 1808 762 pe-

166 767 264 824 lago
290 768 559 823 existentes,
587 768 643 812 de
668 766 792 823 navi,
820 768 927 825 quia
952 779 1080 811 mare
1106 766 1164 812 sit
1191 767 1326 813 altIus
1353 780 1492 826 quam
1525 771 1618 829 ipsa
1653 779 1804 823 terra;

164 842 246 886 sed
269 842 354 887 hoc
378 853 471 887 non
497 847 596 898 est;
623 841 762 886 immo
790 846 910 886 esset
938 840 1240 896 contrarium,
1262 842 1404 898 magis
1430 843 1552 889 enim
1573 845 1802 896 viderent.

164 916 253 962 Sed
278 922 346 961 est
368 916 470 972 hoc,
498 917 605 974 quia
631 916 859 973 frangitur
885 915 1042 961 radius
1067 921 1228 961 rectus
1249 917 1314 961 rei
1338 918 1541 976 visibilis,
1563 920 1686 968 inter
1705 935 1804 971 rem

162 995 208 1035 et
240 989 444 1047 oculum,
477 1004 502 1037 a
535 1001 746 1037 convexo
781 1001 946 1047 aquae:
974 1000 1082 1033 nam
1108 1001 1213 1034 cum
1241 1002 1407 1052 aquam
1427 990 1620 1040 formam
1643 1002 1805 1044 rotun·

162 1064 267 1109 dam
297 1066 465 1111 habere
495 1071 704 1123 oporteat
735 1065 910 1122 ubique
958 1063 1081 1110 circa
1127 1069 1359 1121 centrum,
1405 1077 1594 1114 necesse
1641 1076 1711 1116 est
1757 1071 1805 1118 in

161 1138 310 1195 aliqua
337 1138 550 1184 distantia
582 1139 726 1196 ipsam
758 1136 943 1184 efficere
975 1136 1249 1182 obstantiam
1280 1136 1472 1194 aliqu'us
1497 1142 1710 1189 convexi.
1737 1136 1806 1190 Ad

154 1217 396 1268 quartum,
431 1204 536 1257 cum
568 1212 879 1268 arguebatur:
915 1211 958 1257 Si
990 1216 1114 1256 terra
1146 1222 1239 1256 non
1284 1217 1403 1256 esset
1447 1210 1634 1265 inferior
1677 1220 1767 1263 etc.
1785 1229 1802 1273 3
1842 1238 1852 1245 =

160 1282 262 1328 dico
293 1285 418 1341 quod
448 1284 519 1330 illa
551 1284 668 1330 ratio
699 1284 923 1330 fundatur
953 1284 1001 1329 in
1031 1284 1171 1329 falso:
1205 1289 1252 1330 et
1284 1284 1386 1330 ideo
1416 1285 1524 1331 nihil
1567 1292 1650 1334 est.
1694 1287 1797 1335 Cre-

160 1356 279 1402 dunt
312 1357 434 1403 enim
459 1357 673 1415 vulgares
695 1364 740 1402 et
764 1357 1468 1415 physicorumargumentorum
1493 1357 1655 1416 ignari,
1679 1363 1804 1419 quod

152 1443 277 1488 aqua
308 1432 524 1477 ascendat
556 1432 614 1477 ad
646 1431 886 1477 cacumina
916 1430 1161 1486 montium,
1195 1435 1241 1476 et
1274 1430 1411 1475 etiam
1440 1431 1497 1477 ad
1518 1431 1673 1479 locum
1704 1434 1801 1481 fon-

162 1501 278 1546 tium
309 1502 356 1546 in
386 1502 530 1548 forma
561 1516 694 1561 aquae
711 1517 725 1559 3
760 1503 839 1548 sed
869 1503 995 1548 istud
1027 1507 1095 1547 est
1127 1501 1262 1548 valde
1292 1503 1485 1560 puerile,
1515 1517 1622 1550 nam
1667 1519 1801 1566 aquae

156 1581 439 1631 generantur
470 1576 530 1622 ibi
563 1575 638 1635 (ut
670 1590 753 1635 per
783 1575 1106 1634 Philosophum
1140 1580 1268 1633 patet
1299 1575 1346 1621 in
1387 1578 1628 1625 Metheoris
1670 1579 1804 1641 suis),

152 1648 435 1694 ascendente
466 1649 656 1695 materia
686 1649 734 1694 in
763 1649 908 1696 forma
939 1648 1138 1707 vaporis,
1169 1648 1241 1694 Ad
1272 1649 1507 1707 quintum,
1541 1663 1649 1697 cum
1691 1653 1802 1700 dici-

162 1727 254 1777 tur,
293 1722 415 1779 quod
447 1735 564 1780 aqua
597 1729 666 1768 est
698 1735 867 1780 corpus
897 1721 1114 1768 imitabile
1145 1720 1268 1767 orbis
1298 1720 1453 1768 lunae:
1496 1727 1543 1769 et
1589 1735 1672 1782 per
1714 1725 1802 1772 hoc

156 1793 468 1851 concluditur,
501 1794 625 1852 quod
656 1795 820 1841 debeat
852 1806 950 1840 esse
982 1794 1264 1851 excentrica,
1298 1807 1404 1841 cum
1435 1796 1559 1843 orbis
1588 1796 1710 1843 lunae
1740 1798 1800 1845 sit

153 1866 480 1923 excentricus;
514 1866 615 1913 dico
657 1867 781 1924 quod
826 1867 912 1913 ista
958 1868 1074 1913 ratio
1121 1879 1217 1913 non
1260 1867 1398 1914 habet
1445 1868 1798 1916 necessitatem:

151 1939 265 1996 quia
295 1939 403 1985 licet
435 1951 582 1985 unum
612 1939 882 1986 adimitetur
912 1938 1035 1986 aliud
1060 1939 1107 1985 in
1131 1951 1240 1995 une,
1271 1952 1364 1985 non
1392 1945 1582 1999 propter
1611 1939 1699 1988 hoc
1730 1947 1800 1990 est

159 2025 345 2062 necesse
376 2015 501 2072 quod
530 2015 741 2061 imitetur
766 2015 814 2059 in
840 2013 1065 2061 omnibus
1094 2013 1311 2059 Videmus
1336 2013 1489 2070 ignem
1514 2013 1684 2060 imitari
1710 2015 1799 2061 cir·

155 2087 435 2133 culationem
468 2089 586 2146 coeli,
619 2095 665 2135 et
697 2095 852 2135 tamen
883 2101 977 2134 non
1007 2088 1216 2134 imitatur
1246 2087 1396 2146 ipsum
1426 2088 1473 2134 in
1503 2100 1598 2134 non
1619 2089 1797 2136 moveri

157 2166 304 2217 recte,
347 2174 434 2207 nec
465 2162 514 2208 in
543 2174 637 2208 non
667 2163 834 2208 habere
866 2162 1150 2208 contrarium
1182 2173 1279 2207 suae
1311 2161 1552 2219 qualitati:
1603 2167 1650 2208 et
1697 2162 1799 2211 ideo

157 2235 274 2280 ratio
306 2247 397 2281 non
427 2236 650 2293 procedit.
683 2236 741 2282 Et
773 2235 838 2282 sic
869 2236 926 2282 ad
957 2241 1244 2293 argumenta.
1272 2260 1331 2269 —
1355 2235 1428 2281 Sic
1459 2235 1602 2293 igitur
1643 2236 1798 2283 deter-

154 2309 361 2356 minatur
391 2310 712 2356 determinatio
743 2315 790 2355 et
825 2315 1048 2356 tractatus
1078 2310 1134 2355 de
1175 2309 1321 2354 forma
1368 2314 1415 2355 et
1459 2309 1554 2356 situ
1598 2310 1799 2358 duorum

153 2382 509 2436 elementorum,
535 2388 588 2429 ut
619 2383 832 2441 superius
862 2383 1149 2441 propositum
1179 2382 1280 2430 fuit.

248 2451 272 2514 g
304 2452 447 2499 XXIV.
481 2453 794 2500 Determinata
815 2459 884 2499 est
905 2454 1006 2513 haec
1032 2453 1310 2512 philosophia
1334 2453 1599 2500 dominante
1620 2454 1795 2502 invicto

157 2526 351 2572 Domino
383 2528 425 2574 d.
467 2527 586 2574 Cane
621 2525 789 2573 Grandi
820 2527 877 2572 de
910 2526 1036 2574 Scala
1068 2540 1152 2586 pro
1183 2526 1380 2585 Imperio
1411 2532 1674 2574 sacrosante
1718 2539 1793 2574 ro·

158 2613 311 2658 mano,
342 2613 425 2658 per
455 2613 528 2647 me
561 2601 756 2646 Dantem
786 2599 1094 2658 Alagherium,
1128 2600 1498 2658 philosophorum
1534 2600 1793 2658 minimum,

159 2674 208 2719 in
238 2673 412 2733 inclyta
436 2674 551 2719 urbe
581 2673 770 2730 Verona,
797 2673 845 2719 in
869 2673 1033 2719 sacello
1056 2673 1243 2719 Helenae
1268 2673 1491 2731 gloriosae,
1515 2684 1668 2719 coram
1690 2671 1795 2718 uni·

155 2758 296 2793 verso
328 2747 450 2793 clero
481 2746 744 2804 veronensi,
777 2752 950 2806 praeter
972 2747 1193 2807 quosdam
1220 2746 1316 2806 qui,
1338 2746 1477 2795 nimia
1502 2746 1695 2795 caritate
1719 2757 1792 2794 ar·
