2054 3262
329 138 415 186 360
950 146 1092 184 LIBER
1123 147 1343 186 TERTIUS.
1848 192 1850 194 v
1969 0 2054 215 ἲ

326 240 463 298 guine
498 253 597 296 suo,
636 240 830 299 impium
865 247 1006 299 atque
1045 242 1313 290 mendacem
1353 242 1408 288 de
1447 244 1673 303 palaestra,
1708 251 1954 305 spectante

325 315 515 371 munde,
534 314 719 372 ejiciam.
745 314 863 371 Quid
884 314 1104 362 timeam?
1126 328 1233 362 cum
1260 315 1455 375 Spiritus
1478 318 1599 364 Patri
1618 325 1666 366 et
1689 319 1803 366 Filio
1828 333 1946 368 ceae-

327 393 488 434 ternus
515 389 634 435 dicat
658 401 741 447 per
771 402 821 436 os
844 390 1014 438 David:
1045 392 1096 437 In
1125 393 1346 437 memoria
1378 395 1550 439 oeterna
1585 395 1676 439 erit
1693 391 1860 450 justus,
1890 397 1950 442 ab

326 461 558 507 auditione
584 465 712 508 mala
737 476 828 508 non
851 465 1033 510 timebit.
1057 464 1257 520 Quaestio
1281 464 1421 522 igitur
1442 476 1661 523 praesenti,
1687 466 1743 513 de
1766 479 1858 525 qua
1878 468 1945 514 in—

327 533 512 591 quisitio
538 534 692 579 futura
719 540 805 590 est,
830 535 953 582 inter
974 537 1063 582 duo
1088 537 1326 583 luminaria
1350 550 1512 595 magna
1531 544 1772 586 versatur:
1797 551 1946 587 roma-

327 619 442 652 num
465 607 638 654 scilicet
662 607 928 665 pontificem
953 614 999 653 et
1029 620 1271 653 romanum
1302 608 1584 667 principem3
1614 616 1661 657 et
1700 612 1950 670 quaeritur,

325 686 488 727 utrum
526 681 777 727 authoritas
816 683 1074 728 monarchae
1111 682 1303 738 romani,
1344 682 1424 739 qui
1462 683 1518 728 de
1552 682 1657 741 jure
1700 687 1946 733 monarcha

326 754 488 799 mundi
509 760 594 811 est,
620 760 672 800 ut
698 754 745 800 in
771 755 973 800 secundo
994 754 1110 801 libre
1135 755 1382 812 probatum
1407 761 1494 813 est,
1520 757 1781 804 immediate
1805 770 1829 804 a
1852 758 1950 804 Dee

327 826 579 884 dependeat
592 841 606 884 3
632 841 689 874 an
715 829 771 874 ab
797 828 946 885 aliquo
973 828 1055 873 Dei
1080 828 1252 875 vicario
1277 829 1354 875 vel
1388 829 1612 886 ministre,
1649 843 1790 889 quem
1820 831 1948 878 Petri

326 913 638 947 successorem
664 902 880 959 intelligo,
908 901 987 959 qui
1013 914 1123 948 vere
1150 907 1219 947 est
1246 902 1444 959 claviger
1467 903 1598 960 regni
1623 904 1858 952 caelerum.

415 973 438 1035 ἓ
471 976 521 1021 ΙΙ.
554 976 624 1021 Ad
647 981 925 1034 praesentem
951 975 1254 1032 quaestionem
1276 975 1627 1034 discutiendam,
1652 977 1773 1024 sicut
1798 977 1846 1022 iu
1869 991 1949 1024 su·-

326 1049 582 1108 periorihus
607 1054 676 1093 est
701 1052 960 1106 peractum,
986 1047 1167 1104 aliquod
1192 1047 1471 1106 principium
1492 1053 1561 1094 est
1588 1050 1881 1107 sumendum,
1898 1051 1945 1095 in

327 1122 504 1169 virtute
531 1121 662 1179 cujus
689 1120 949 1179 aperiendae
974 1119 1186 1166 veritatis
1218 1125 1491 1177 argumenta
1526 1119 1799 1168 formentur.
1834 1121 1949 1168 Nam

327 1195 423 1242 sine
450 1194 641 1253 praefixo
666 1194 906 1252 principie,
930 1194 1067 1239 etiam
1093 1205 1204 1240 vera
1230 1193 1440 1249 dicende,
1466 1192 1671 1238 laborare
1704 1193 1814 1251 quid
1843 1201 1951 1251 pro>

327 1268 425 1321 ‚dest
443 1267 466 1312 ⁶?
494 1279 598 1312 cum
626 1266 901 1324 principium
927 1266 1074 1312 solum
1098 1266 1478 1312 assumendorum
1502 1265 1760 1311 mediorum
1791 1266 1850 1312 sit
1875 1278 1952 1311 ra»

327 1339 420 1385 dix.
461 1339 572 1384 Haec
611 1338 752 1395 igitur
797 1338 1117 1396 irrefragabilis
1166 1339 1338 1385 veritas
1379 1338 1725 1397 praemittatur,
1775 1337 1954 1384 scilicet

327 1412 450 1469 quod
474 1411 585 1456 illud
611 1411 734 1468 quod
764 1415 945 1456 naturae
970 1411 1214 1457 intentioni
1239 1417 1482 1470 repugnat,
1519 1412 1644 1457 Deus
1673 1412 1801 1458 nolit.
1834 1412 1948 1459 Nam

326 1485 361 1529 si
385 1485 472 1530 hoc
492 1495 660 1530 verum
684 1495 776 1528 nen
798 1488 934 1539 esset,
957 1483 1366 1530 contradictorium
1382 1484 1479 1542 eJ‘us
1498 1497 1592 1530 nen
1613 1491 1733 1532 esset
1758 1485 1950 1542 falsum,

327 1561 450 1618 quod
475 1564 573 1605 est:
600 1559 750 1603 Deum
774 1569 867 1602 non
893 1557 1012 1603 nolle
1037 1557 1161 1614 quod
1195 1563 1375 1604 naturae
1417 1558 1661 1605 intentioni
1696 1564 1939 1617 repugnat.

326 1633 385 1678 Et
411 1633 447 1677 si
473 1633 558 1678 hoc
580 1643 674 1676 nen
695 1634 764 1674 est
787 1629 967 1685 falsum,
993 1641 1081 1675 nee
1107 1641 1160 1675 ea
1183 1641 1288 1687 quae
1312 1636 1575 1688 sequuntur
1597 1632 1656 1677 ad
1675 1632 1842 1691 ipsum.
1859 1633 1954 1682 Im·-

327 1706 536 1765 possibile
562 1705 684 1749 enim
709 1708 778 1748 est
801 1702 848 1748 in
872 1703 1139 1749 necessariis
1164 1703 1502 1761 consequentiis
1530 1704 1692 1751 falsum
1717 1717 1815 1751 esse
1840 1718 1954 1752 con-

325 1792 539 1839 sequenS,
565 1779 869 1825 antecedente
894 1790 989 1824 non
1013 1777 1124 1823 falso
1145 1776 1387 1824 existente.
1415 1778 1503 1824 Sed
1526 1779 1586 1825 ad
1616 1791 1711 1825 nen
1735 1780 1855 1826 nolle
1885 1780 1953 1826 al·-

327 1861 481 1901 terum
500 1854 699 1899 duorum
714 1851 926 1910 sequitur
947 1851 1003 1897 de
1022 1851 1316 1908 necessitate,
1336 1857 1418 1897 aut
1434 1851 1571 1910 velle,
1591 1857 1672 1899 aut
1691 1864 1786 1900 non
1805 1853 1943 1900 velle:

325 1930 447 1975 sicut
463 1929 521 1974 ad
543 1940 637 1974 non
659 1927 783 1973 odire
800 1926 1055 1972 necessario
1075 1925 1302 1984 sequitur,
1325 1932 1406 1972 aut
1427 1938 1597 1982 amare,
1614 1931 1808 1972 autnon
1825 1938 1951 1972 ama--

327 2014 408 2049 re:
435 2014 527 2048 non
551 2000 674 2046 enim
699 2012 792 2045 non
815 2011 968 2045 amare
992 2005 1061 2045 est
1083 1999 1208 2044 odire
1229 2012 1244 2055 ;
1266 2010 1353 2045 nec
1374 2011 1469 2046 non
1492 1998 1610 2047 velle
1634 2003 1704 2045 est
1735 1998 1869 2056 nolle,
1893 2006 1946 2045 ut
2008 1991 2012 1993 ’

331 2075 388 2120 de
411 2086 460 2119 se
491 2079 646 2131 patet.v
669 2073 781 2127 Quae
805 2072 843 2117 si
866 2071 974 2117 falsa
1006 2084 1099 2116 non
1123 2077 1249 2128 sunt,
1280 2071 1365 2117 ista
1391 2083 1486 2117 non
1525 2071 1613 2118 erit
1652 2071 1790 2118 falsa:
1824 2071 1955 2117 Deus

327 2148 431 2197 vult
457 2148 580 2205 qued
597 2158 692 2192 nen
717 2146 848 2203 vult,
873 2145 1003 2203 cujus
1026 2146 1193 2192 salsitas
1217 2159 1310 2191 non
1329 2146 1466 2192 habet
1490 2147 1789 2203 superiorem.
1817 2145 1953 2200 Quod

329 2229 485 2269 autem
508 2233 674 2269 verum
697 2221 755 2266 sit
774 2221 897 2278 quod
921 2220 1107 2276 dicitur,
1124 2220 1188 2266 sic
1203 2220 1407 2266 declaro:
1431 2219 1720 2280 Manifestum
1735 2220 1948 2278 estquod

331 2297 453 2343 Deus
478 2294 615 2341 finem
640 2300 820 2342 naturae
845 2294 976 2350 vult3
1002 2294 1133 2341 aliter
1159 2294 1325 2340 coelum
1346 2293 1489 2341 otiose
1513 2299 1799 2352 moveretur,
1820 2296 1945 2354 quod

332 2369 574 2415 dicendum
601 2381 693 2414 nen
724 2376 807 2414 est.
841 2367 883 2413 Si
916 2368 1038 2413 Deus
1063 2366 1203 2414 vellet
1238 2366 1616 2424 impedimentum
1658 2364 1778 2423 finis,
1804 2367 1949 2414 vellet.

328 2448 378 2489 et
401 2442 541 2488 finem
564 2440 906 2499 impedimenti3
932 2439 1063 2486 aliter
1089 2439 1228 2485 etiam
1259 2438 1402 2485 otiose
1428 2438 1582 2486 vellet.
1621 2437 1681 2485 Et
1705 2450 1814 2484 cum
1839 2437 1945 2489 finis

2035 318 2046 335 r.

2037 337 2054 369 ’ἓ
