<?xml version="1.0" encoding="UTF-8"?>
<!DOCTYPE html PUBLIC "-//W3C//DTD XHTML 1.0 Transitional//EN"
    "http://www.w3.org/TR/xhtml1/DTD/xhtml1-transitional.dtd">
<html xmlns="http://www.w3.org/1999/xhtml" xml:lang="en" lang="en">
 <head>
  <title>
</title>
<meta http-equiv="Content-Type" content="text/html;charset=utf-8" />
  <meta name='ocr-system' content='tesseract 3.04.00' />
  <meta name='ocr-capabilities' content='ocr_page ocr_carea ocr_par ocr_line ocrx_word'/>
</head>
<body>
  <div class='ocr_page' id='page_1' title='image "./opereminori02dantuoft_0176.png"; bbox 0 0 2054 3262; ppageno 0'>
   <div class='ocr_carea' id='block_1_1' title="bbox 237 202 1230 248">
    <p class='ocr_par' dir='ltr' id='par_1_1' title="bbox 237 202 1230 248">
     <span class='ocr_line' id='line_1_1' title="bbox 237 202 1230 248; baseline 0.002 -2"><span class='ocrx_word' id='word_1_1' title='bbox 237 202 321 246; x_wconf 78' lang='grc'>166</span> <span class='ocrx_word' id='word_1_2' title='bbox 614 234 618 238; x_wconf 86' lang='grc'><em>.</em></span> <span class='ocrx_word' id='word_1_3' title='bbox 859 209 1004 245; x_wconf 84' lang='lat' dir='ltr'>LIBER</span> <span class='ocrx_word' id='word_1_4' title='bbox 1035 211 1230 248; x_wconf 79' lang='lat' dir='ltr'>PRIMUS.</span> 
     </span>
    </p>
   </div>
   <div class='ocr_carea' id='block_1_2' title="bbox 233 301 1862 715">
    <p class='ocr_par' dir='ltr' id='par_1_2' title="bbox 233 301 1862 715">
     <span class='ocr_line' id='line_1_2' title="bbox 233 301 1861 365; baseline 0.003 -18"><span class='ocrx_word' id='word_1_5' title='bbox 233 302 344 347; x_wconf 88' lang='lat' dir='ltr'>nulli</span> <span class='ocrx_word' id='word_1_6' title='bbox 368 301 585 358; x_wconf 75' lang='lat' dir='ltr'>singulari</span> <span class='ocrx_word' id='word_1_7' title='bbox 606 301 796 348; x_wconf 91' lang='lat' dir='ltr'>arbitrio</span> <span class='ocrx_word' id='word_1_8' title='bbox 821 304 1010 351; x_wconf 85' lang='lat' dir='ltr'>videtur</span> <span class='ocrx_word' id='word_1_9' title='bbox 1036 305 1249 362; x_wconf 82' lang='lat' dir='ltr'>obnoxia,</span> <span class='ocrx_word' id='word_1_10' title='bbox 1273 309 1320 351; x_wconf 91' lang='lat' dir='ltr'>et</span> <span class='ocrx_word' id='word_1_11' title='bbox 1341 317 1424 364; x_wconf 90' lang='lat' dir='ltr'>per</span> <span class='ocrx_word' id='word_1_12' title='bbox 1448 317 1750 365; x_wconf 79' lang='lat' dir='ltr'>consequenS,</span> <span class='ocrx_word' id='word_1_13' title='bbox 1771 317 1861 352; x_wconf 83' lang='lat' dir='ltr'>nec</span> 
     </span>
     <span class='ocr_line' id='line_1_3' title="bbox 233 375 1862 437; baseline 0.001 -15"><span class='ocrx_word' id='word_1_14' title='bbox 233 375 465 422; x_wconf 87' lang='lat' dir='ltr'>variabilis</span> <span class='ocrx_word' id='word_1_15' title='bbox 491 387 589 421; x_wconf 87' lang='lat' dir='ltr'>esse</span> <span class='ocrx_word' id='word_1_16' title='bbox 613 380 778 433; x_wconf 88' lang='lat' dir='ltr'>potest.</span> <span class='ocrx_word' id='word_1_17' title='bbox 805 376 1161 425; x_wconf 86' lang='lat' dir='ltr'>Adinvenerunt</span> <span class='ocrx_word' id='word_1_18' title='bbox 1186 390 1302 436; x_wconf 66' lang='lat' dir='ltr'>ergo,</span> <span class='ocrx_word' id='word_1_19' title='bbox 1320 378 1458 435; x_wconf 90' lang='lat' dir='ltr'>illam,</span> <span class='ocrx_word' id='word_1_20' title='bbox 1483 390 1542 424; x_wconf 87' lang='lat' dir='ltr'>ne</span> <span class='ocrx_word' id='word_1_21' title='bbox 1566 383 1758 437; x_wconf 87' lang='lat' dir='ltr'>propter</span> <span class='ocrx_word' id='word_1_22' title='bbox 1781 390 1862 424; x_wconf 83' lang='lat' dir='ltr'>va-</span> 
     </span>
     <span class='ocr_line' id='line_1_4' title="bbox 233 449 1862 510; baseline 0.002 -16"><span class='ocrx_word' id='word_1_23' title='bbox 233 449 475 494; x_wconf 88' lang='lat' dir='ltr'>riationem</span> <span class='ocrx_word' id='word_1_24' title='bbox 506 450 746 507; x_wconf 79' lang='lat' dir='ltr'>sermoniS,</span> <span class='ocrx_word' id='word_1_25' title='bbox 786 452 977 498; x_wconf 86' lang='lat' dir='ltr'>arbitrio</span> <span class='ocrx_word' id='word_1_26' title='bbox 1013 453 1314 510; x_wconf 85' lang='lat' dir='ltr'>singularium</span> <span class='ocrx_word' id='word_1_27' title='bbox 1352 452 1591 510; x_wconf 80' lang='lat' dir='ltr'>fluitantiS,</span> <span class='ocrx_word' id='word_1_28' title='bbox 1627 452 1706 500; x_wconf 84' lang='lat' dir='ltr'>vel</span> <span class='ocrx_word' id='word_1_29' title='bbox 1735 452 1862 498; x_wconf 91' lang='lat' dir='ltr'>nullo</span> 
     </span>
     <span class='ocr_line' id='line_1_5' title="bbox 233 521 1858 584; baseline 0.001 -17"><span class='ocrx_word' id='word_1_30' title='bbox 233 522 384 578; x_wconf 78' lang='lat' dir='ltr'>mode,</span> <span class='ocrx_word' id='word_1_31' title='bbox 411 521 487 568; x_wconf 87' lang='lat' dir='ltr'>vel</span> <span class='ocrx_word' id='word_1_32' title='bbox 512 522 674 568; x_wconf 87' lang='lat' dir='ltr'>saltem</span> <span class='ocrx_word' id='word_1_33' title='bbox 699 523 967 582; x_wconf 76' lang='lat' dir='ltr'>imperfecte</span> <span class='ocrx_word' id='word_1_34' title='bbox 989 526 1287 584; x_wconf 90' lang='lat' dir='ltr'>antiquorum</span> <span class='ocrx_word' id='word_1_35' title='bbox 1308 526 1642 583; x_wconf 82' lang='lat' dir='ltr'>attingeremus</span> <span class='ocrx_word' id='word_1_36' title='bbox 1662 524 1858 571; x_wconf 84' lang='lat' dir='ltr'>auctori·</span> 
     </span>
     <span class='ocr_line' id='line_1_6' title="bbox 234 595 1860 656; baseline 0.002 -17"><span class='ocrx_word' id='word_1_37' title='bbox 234 599 352 640; x_wconf 85' lang='lat' dir='ltr'>tates</span> <span class='ocrx_word' id='word_1_38' title='bbox 375 599 421 640; x_wconf 89' lang='lat' dir='ltr'>et</span> <span class='ocrx_word' id='word_1_39' title='bbox 447 600 590 652; x_wconf 88' lang='lat' dir='ltr'>gesta,</span> <span class='ocrx_word' id='word_1_40' title='bbox 616 595 714 643; x_wconf 82' lang='lat' dir='ltr'>sive</span> <span class='ocrx_word' id='word_1_41' title='bbox 736 596 937 654; x_wconf 89' lang='lat' dir='ltr'>illorum,</span> <span class='ocrx_word' id='word_1_42' title='bbox 964 610 1081 656; x_wconf 90' lang='lat' dir='ltr'>quos</span> <span class='ocrx_word' id='word_1_43' title='bbox 1102 611 1127 644; x_wconf 90' lang='lat' dir='ltr'>a</span> <span class='ocrx_word' id='word_1_44' title='bbox 1149 598 1278 645; x_wconf 86' lang='lat' dir='ltr'>nobis</span> <span class='ocrx_word' id='word_1_45' title='bbox 1301 599 1509 645; x_wconf 89' lang='lat' dir='ltr'>locorum</span> <span class='ocrx_word' id='word_1_46' title='bbox 1537 597 1779 645; x_wconf 88' lang='lat' dir='ltr'>diversitas</span> <span class='ocrx_word' id='word_1_47' title='bbox 1803 597 1860 643; x_wconf 78' lang='lat' dir='ltr'>fa-</span> 
     </span>
     <span class='ocr_line' id='line_1_7' title="bbox 234 667 743 715; baseline 0.002 -2"><span class='ocrx_word' id='word_1_48' title='bbox 234 668 295 715; x_wconf 86' lang='lat' dir='ltr'>cit</span> <span class='ocrx_word' id='word_1_49' title='bbox 322 680 419 713; x_wconf 87' lang='lat' dir='ltr'>esse</span> <span class='ocrx_word' id='word_1_50' title='bbox 446 667 666 714; x_wconf 74' lang='lat' dir='ltr'>diversos,</span> <span class='ocrx_word' id='word_1_51' title='bbox 730 678 743 689; x_wconf 71' lang='lat'><strong><em>‘</em></strong></span> 
     </span>
    </p>
   </div>
   <div class='ocr_carea' id='block_1_3' title="bbox 924 841 1170 891">
    <p class='ocr_par' dir='ltr' id='par_1_3' title="bbox 924 841 1170 891">
     <span class='ocr_line' id='line_1_8' title="bbox 924 841 1170 891; baseline 0.012 -3"><span class='ocrx_word' id='word_1_52' title='bbox 924 841 1089 889; x_wconf 80' lang='lat' dir='ltr'>CAPUT</span> <span class='ocrx_word' id='word_1_53' title='bbox 1119 844 1170 891; x_wconf 90' lang='lat' dir='ltr'>X.</span> 
     </span>
    </p>
   </div>
   <div class='ocr_carea' id='block_1_4' title="bbox 323 988 1734 1108">
    <p class='ocr_par' dir='ltr' id='par_1_4' title="bbox 323 988 1734 1108">
     <span class='ocr_line' id='line_1_9' title="bbox 340 988 1734 1034; baseline 0.006 -8"><span class='ocrx_word' id='word_1_54' title='bbox 340 989 394 1026; x_wconf 85' lang='lat' dir='ltr'>De</span> <span class='ocrx_word' id='word_1_55' title='bbox 421 988 604 1026; x_wconf 83' lang='lat' dir='ltr'>varietate</span> <span class='ocrx_word' id='word_1_56' title='bbox 632 988 827 1026; x_wconf 85' lang='lat' dir='ltr'>idiomatis</span> <span class='ocrx_word' id='word_1_57' title='bbox 856 988 896 1025; x_wconf 87' lang='lat' dir='ltr'>in</span> <span class='ocrx_word' id='word_1_58' title='bbox 923 990 1031 1028; x_wconf 83' lang='lat' dir='ltr'>ltalia</span> <span class='ocrx_word' id='word_1_59' title='bbox 1059 1003 1080 1027; x_wconf 81' lang='lat' dir='ltr'>a</span> <span class='ocrx_word' id='word_1_60' title='bbox 1108 991 1253 1030; x_wconf 77' lang='lat' dir='ltr'>dextris</span> <span class='ocrx_word' id='word_1_61' title='bbox 1281 998 1319 1030; x_wconf 84' lang='lat' dir='ltr'>et</span> <span class='ocrx_word' id='word_1_62' title='bbox 1345 1005 1366 1030; x_wconf 85' lang='lat' dir='ltr'>a</span> <span class='ocrx_word' id='word_1_63' title='bbox 1394 993 1564 1033; x_wconf 80' lang='lat' dir='ltr'>sinistris</span> <span class='ocrx_word' id='word_1_64' title='bbox 1591 995 1734 1034; x_wconf 84' lang='lat' dir='ltr'>montis</span> 
     </span>
     <span class='ocr_line' id='line_1_10' title="bbox 323 1053 1163 1108; baseline 0.006 -17"><span class='ocrx_word' id='word_1_65' title='bbox 323 1053 333 1063; x_wconf 79' lang='lat'><em>⁰</em></span> <span class='ocrx_word' id='word_1_66' title='bbox 932 1059 1163 1108; x_wconf 83' lang='lat' dir='ltr'>Appennini.</span> 
     </span>
    </p>
   </div>
   <div class='ocr_carea' id='block_1_5' title="bbox 223 1180 1868 2711">
    <p class='ocr_par' dir='ltr' id='par_1_5' title="bbox 223 1180 1868 2711">
     <span class='ocr_line' id='line_1_11' title="bbox 319 1180 1866 1243; baseline 0.004 -17"><span class='ocrx_word' id='word_1_67' title='bbox 319 1180 511 1226; x_wconf 87' lang='lat' dir='ltr'>Trifario</span> <span class='ocrx_word' id='word_1_68' title='bbox 537 1193 665 1227; x_wconf 90' lang='lat' dir='ltr'>nunc</span> <span class='ocrx_word' id='word_1_69' title='bbox 690 1187 892 1227; x_wconf 81' lang='lat' dir='ltr'>exeunte</span> <span class='ocrx_word' id='word_1_70' title='bbox 917 1187 1074 1227; x_wconf 88' lang='lat' dir='ltr'>nostro</span> <span class='ocrx_word' id='word_1_71' title='bbox 1100 1183 1314 1229; x_wconf 84' lang='lat' dir='ltr'>idiomate</span> <span class='ocrx_word' id='word_1_72' title='bbox 1340 1182 1415 1243; x_wconf 91' lang='lat' dir='ltr'>(ut</span> <span class='ocrx_word' id='word_1_73' title='bbox 1442 1185 1656 1243; x_wconf 88' lang='lat' dir='ltr'>superius</span> <span class='ocrx_word' id='word_1_74' title='bbox 1687 1185 1866 1232; x_wconf 89' lang='lat' dir='ltr'>dictum</span> 
     </span>
     <span class='ocr_line' id='line_1_12' title="bbox 231 1251 1866 1313; baseline 0.003 -15"><span class='ocrx_word' id='word_1_75' title='bbox 231 1251 321 1312; x_wconf 85' lang='lat' dir='ltr'>est)</span> <span class='ocrx_word' id='word_1_76' title='bbox 337 1252 383 1297; x_wconf 90' lang='lat' dir='ltr'>in</span> <span class='ocrx_word' id='word_1_77' title='bbox 402 1252 743 1310; x_wconf 86' lang='lat' dir='ltr'>comparatione</span> <span class='ocrx_word' id='word_1_78' title='bbox 759 1253 829 1298; x_wconf 91' lang='lat' dir='ltr'>sui</span> <span class='ocrx_word' id='word_1_79' title='bbox 846 1253 1004 1311; x_wconf 89' lang='lat' dir='ltr'>ipsius,</span> <span class='ocrx_word' id='word_1_80' title='bbox 1021 1256 1281 1300; x_wconf 88' lang='lat' dir='ltr'>secundum</span> <span class='ocrx_word' id='word_1_81' title='bbox 1299 1257 1423 1313; x_wconf 89' lang='lat' dir='ltr'>quod</span> <span class='ocrx_word' id='word_1_82' title='bbox 1444 1258 1670 1304; x_wconf 86' lang='lat' dir='ltr'>trisonum</span> <span class='ocrx_word' id='word_1_83' title='bbox 1689 1259 1866 1305; x_wconf 85' lang='lat' dir='ltr'>factum</span> 
     </span>
     <span class='ocr_line' id='line_1_13' title="bbox 233 1324 1864 1388; baseline 0.005 -19"><span class='ocrx_word' id='word_1_84' title='bbox 233 1331 318 1380; x_wconf 87' lang='lat' dir='ltr'>est,</span> <span class='ocrx_word' id='word_1_85' title='bbox 344 1336 453 1369; x_wconf 93' lang='lat' dir='ltr'>cum</span> <span class='ocrx_word' id='word_1_86' title='bbox 478 1329 608 1369; x_wconf 89' lang='lat' dir='ltr'>tanta</span> <span class='ocrx_word' id='word_1_87' title='bbox 634 1324 877 1371; x_wconf 84' lang='lat' dir='ltr'>timiditate</span> <span class='ocrx_word' id='word_1_88' title='bbox 900 1332 1178 1373; x_wconf 80' lang='lat' dir='ltr'>cunctamur</span> <span class='ocrx_word' id='word_1_89' title='bbox 1209 1328 1444 1387; x_wconf 83' lang='lat' dir='ltr'>libranteS,</span> <span class='ocrx_word' id='word_1_90' title='bbox 1477 1331 1602 1388; x_wconf 88' lang='lat' dir='ltr'>quod</span> <span class='ocrx_word' id='word_1_91' title='bbox 1624 1325 1758 1388; x_wconf 90' lang='lat' dir='ltr'>hanc,</span> <span class='ocrx_word' id='word_1_92' title='bbox 1790 1332 1864 1378; x_wconf 89' lang='lat' dir='ltr'>vel</span> 
     </span>
     <span class='ocr_line' id='line_1_14' title="bbox 230 1398 1866 1462; baseline 0.006 -20"><span class='ocrx_word' id='word_1_93' title='bbox 230 1398 384 1455; x_wconf 90' lang='lat' dir='ltr'>istam,</span> <span class='ocrx_word' id='word_1_94' title='bbox 418 1399 494 1445; x_wconf 85' lang='lat' dir='ltr'>vel</span> <span class='ocrx_word' id='word_1_95' title='bbox 525 1399 646 1444; x_wconf 89' lang='lat' dir='ltr'>illam</span> <span class='ocrx_word' id='word_1_96' title='bbox 672 1405 852 1457; x_wconf 90' lang='lat' dir='ltr'>partem</span> <span class='ocrx_word' id='word_1_97' title='bbox 882 1398 938 1445; x_wconf 72' lang='lat' dir='ltr'>in&#39;</span> <span class='ocrx_word' id='word_1_98' title='bbox 962 1402 1271 1459; x_wconf 87' lang='lat' dir='ltr'>comparando</span> <span class='ocrx_word' id='word_1_99' title='bbox 1302 1415 1573 1462; x_wconf 88' lang='lat' dir='ltr'>praeponere</span> <span class='ocrx_word' id='word_1_100' title='bbox 1603 1417 1698 1450; x_wconf 88' lang='lat' dir='ltr'>non</span> <span class='ocrx_word' id='word_1_101' title='bbox 1728 1405 1866 1451; x_wconf 90' lang='lat' dir='ltr'>aude-</span> 
     </span>
     <span class='ocr_line' id='line_1_15' title="bbox 229 1473 1866 1537; baseline 0.005 -20"><span class='ocrx_word' id='word_1_102' title='bbox 229 1484 350 1529; x_wconf 76' lang='lat' dir='ltr'>mUS,</span> <span class='ocrx_word' id='word_1_103' title='bbox 384 1473 470 1518; x_wconf 89' lang='lat' dir='ltr'>nisi</span> <span class='ocrx_word' id='word_1_104' title='bbox 504 1486 557 1519; x_wconf 89' lang='lat' dir='ltr'>eo</span> <span class='ocrx_word' id='word_1_105' title='bbox 583 1486 675 1531; x_wconf 91' lang='lat' dir='ltr'>quo</span> <span class='ocrx_word' id='word_1_106' title='bbox 699 1474 1018 1520; x_wconf 87' lang='lat' dir='ltr'>Grammaticae</span> <span class='ocrx_word' id='word_1_107' title='bbox 1045 1477 1269 1532; x_wconf 88' lang='lat' dir='ltr'>positores</span> <span class='ocrx_word' id='word_1_108' title='bbox 1298 1477 1607 1524; x_wconf 85' lang='lat' dir='ltr'>inveniuntur</span> <span class='ocrx_word' id='word_1_109' title='bbox 1635 1480 1866 1537; x_wconf 88' lang='lat' dir='ltr'>accepisse</span> 
     </span>
     <span class='ocr_line' id='line_1_16' title="bbox 228 1548 1865 1608; baseline 0.005 -17"><span class='ocrx_word' id='word_1_110' title='bbox 228 1549 311 1601; x_wconf 79' lang='lat' dir='ltr'>sic,</span> <span class='ocrx_word' id='word_1_111' title='bbox 340 1548 615 1594; x_wconf 84' lang='lat' dir='ltr'>adverbium</span> <span class='ocrx_word' id='word_1_112' title='bbox 639 1548 927 1595; x_wconf 85' lang='lat' dir='ltr'>affirmandi:</span> <span class='ocrx_word' id='word_1_113' title='bbox 961 1551 1085 1608; x_wconf 90' lang='lat' dir='ltr'>quod</span> <span class='ocrx_word' id='word_1_114' title='bbox 1110 1551 1341 1608; x_wconf 84' lang='lat' dir='ltr'>quandam</span> <span class='ocrx_word' id='word_1_115' title='bbox 1370 1552 1736 1598; x_wconf 87' lang='lat' dir='ltr'>anterioritatem</span> <span class='ocrx_word' id='word_1_116' title='bbox 1765 1565 1865 1600; x_wconf 88' lang='lat' dir='ltr'>ero-</span> 
     </span>
     <span class='ocr_line' id='line_1_17' title="bbox 229 1623 1868 1689; baseline 0.004 -23"><span class='ocrx_word' id='word_1_117' title='bbox 229 1633 339 1678; x_wconf 86' lang='lat' dir='ltr'>gare</span> <span class='ocrx_word' id='word_1_118' title='bbox 365 1623 558 1669; x_wconf 86' lang='lat' dir='ltr'>videtur</span> <span class='ocrx_word' id='word_1_119' title='bbox 581 1625 720 1681; x_wconf 86' lang='lat' dir='ltr'>Italis,</span> <span class='ocrx_word' id='word_1_120' title='bbox 747 1623 827 1682; x_wconf 91' lang='lat' dir='ltr'>qui</span> <span class='ocrx_word' id='word_1_121' title='bbox 851 1626 891 1670; x_wconf 76' lang='grc' dir='ltr'>εὶ</span> <span class='ocrx_word' id='word_1_122' title='bbox 917 1624 1092 1671; x_wconf 91' lang='lat' dir='ltr'>dicunt.</span> <span class='ocrx_word' id='word_1_123' title='bbox 1121 1625 1346 1680; x_wconf 81' lang='lat' dir='ltr'>Quaelibet</span> <span class='ocrx_word' id='word_1_124' title='bbox 1369 1625 1494 1671; x_wconf 89' lang='lat' dir='ltr'>enim</span> <span class='ocrx_word' id='word_1_125' title='bbox 1518 1626 1719 1684; x_wconf 88' lang='lat' dir='ltr'>partium</span> <span class='ocrx_word' id='word_1_126' title='bbox 1742 1626 1868 1689; x_wconf 88' lang='lat' dir='ltr'>largo</span> 
     </span>
     <span class='ocr_line' id='line_1_18' title="bbox 230 1695 1867 1756; baseline 0.003 -17"><span class='ocrx_word' id='word_1_127' title='bbox 230 1695 497 1740; x_wconf 81' lang='lat' dir='ltr'>testimonio</span> <span class='ocrx_word' id='word_1_128' title='bbox 513 1708 563 1741; x_wconf 90' lang='lat' dir='ltr'>se</span> <span class='ocrx_word' id='word_1_129' title='bbox 582 1702 759 1742; x_wconf 88' lang='lat' dir='ltr'>tuetur.</span> <span class='ocrx_word' id='word_1_130' title='bbox 780 1696 957 1754; x_wconf 87' lang='lat' dir='ltr'>Allegat</span> <span class='ocrx_word' id='word_1_131' title='bbox 975 1709 1082 1754; x_wconf 86' lang='lat' dir='ltr'>ergo</span> <span class='ocrx_word' id='word_1_132' title='bbox 1098 1710 1182 1756; x_wconf 89' lang='lat' dir='ltr'>pro</span> <span class='ocrx_word' id='word_1_133' title='bbox 1200 1710 1247 1743; x_wconf 91' lang='lat' dir='ltr'>se</span> <span class='ocrx_word' id='word_1_134' title='bbox 1266 1697 1420 1754; x_wconf 86' lang='lat' dir='ltr'>lingua</span> <span class='ocrx_word' id='word_1_135' title='bbox 1437 1699 1516 1755; x_wconf 79' lang='lat' dir='ltr'>cil,</span> <span class='ocrx_word' id='word_1_136' title='bbox 1535 1698 1657 1755; x_wconf 91' lang='lat' dir='ltr'>quod</span> <span class='ocrx_word' id='word_1_137' title='bbox 1677 1704 1867 1756; x_wconf 89' lang='lat' dir='ltr'>propter</span> 
     </span>
     <span class='ocr_line' id='line_1_19' title="bbox 229 1770 1866 1831; baseline 0.003 -17"><span class='ocrx_word' id='word_1_138' title='bbox 229 1770 301 1814; x_wconf 91' lang='lat' dir='ltr'>sui</span> <span class='ocrx_word' id='word_1_139' title='bbox 339 1770 608 1829; x_wconf 81' lang='lat' dir='ltr'>faciliorem,</span> <span class='ocrx_word' id='word_1_140' title='bbox 642 1785 696 1818; x_wconf 91' lang='lat' dir='ltr'>ac</span> <span class='ocrx_word' id='word_1_141' title='bbox 728 1771 1118 1818; x_wconf 81' lang='lat' dir='ltr'>delectabiliorem</span> <span class='ocrx_word' id='word_1_142' title='bbox 1147 1772 1495 1830; x_wconf 82' lang='lat' dir='ltr'>vulgaritatem,</span> <span class='ocrx_word' id='word_1_143' title='bbox 1534 1772 1758 1831; x_wconf 88' lang='lat' dir='ltr'>quicquid</span> <span class='ocrx_word' id='word_1_144' title='bbox 1794 1785 1866 1819; x_wconf 88' lang='lat' dir='ltr'>re-</span> 
     </span>
     <span class='ocr_line' id='line_1_20' title="bbox 229 1842 1864 1905; baseline 0.003 -18"><span class='ocrx_word' id='word_1_145' title='bbox 229 1842 435 1901; x_wconf 88' lang='lat' dir='ltr'>dactum,</span> <span class='ocrx_word' id='word_1_146' title='bbox 467 1845 568 1892; x_wconf 87' lang='lat' dir='ltr'>sive</span> <span class='ocrx_word' id='word_1_147' title='bbox 593 1846 842 1893; x_wconf 88' lang='lat' dir='ltr'>inventum</span> <span class='ocrx_word' id='word_1_148' title='bbox 874 1851 943 1891; x_wconf 91' lang='lat' dir='ltr'>est</span> <span class='ocrx_word' id='word_1_149' title='bbox 980 1846 1039 1891; x_wconf 92' lang='lat' dir='ltr'>ad</span> <span class='ocrx_word' id='word_1_150' title='bbox 1072 1846 1264 1904; x_wconf 87' lang='lat' dir='ltr'>vulgare</span> <span class='ocrx_word' id='word_1_151' title='bbox 1295 1847 1572 1905; x_wconf 87' lang='lat' dir='ltr'>prosaicum,</span> <span class='ocrx_word' id='word_1_152' title='bbox 1597 1857 1735 1893; x_wconf 89' lang='lat' dir='ltr'>suum</span> <span class='ocrx_word' id='word_1_153' title='bbox 1765 1852 1864 1893; x_wconf 86' lang='lat' dir='ltr'>est:</span> 
     </span>
     <span class='ocr_line' id='line_1_21' title="bbox 225 1915 1866 1978; baseline 0.003 -16"><span class='ocrx_word' id='word_1_154' title='bbox 225 1915 442 1962; x_wconf 86' lang='lat' dir='ltr'>videlicet</span> <span class='ocrx_word' id='word_1_155' title='bbox 466 1917 601 1963; x_wconf 86' lang='lat' dir='ltr'>biblia</span> <span class='ocrx_word' id='word_1_156' title='bbox 628 1930 736 1964; x_wconf 91' lang='lat' dir='ltr'>cum</span> <span class='ocrx_word' id='word_1_157' title='bbox 758 1917 1063 1976; x_wconf 88' lang='lat' dir='ltr'>Trojanorum</span> <span class='ocrx_word' id='word_1_158' title='bbox 1081 1918 1488 1978; x_wconf 88' lang='lat' dir='ltr'>Romanorumque</span> <span class='ocrx_word' id='word_1_159' title='bbox 1513 1919 1718 1977; x_wconf 83' lang='lat' dir='ltr'>gestibus</span> <span class='ocrx_word' id='word_1_160' title='bbox 1742 1925 1866 1966; x_wconf 86' lang='lat' dir='ltr'>com·</span> 
     </span>
     <span class='ocr_line' id='line_1_22' title="bbox 226 1989 1866 2052; baseline 0.004 -19"><span class='ocrx_word' id='word_1_161' title='bbox 226 1989 383 2047; x_wconf 84' lang='lat' dir='ltr'>pilata,</span> <span class='ocrx_word' id='word_1_162' title='bbox 417 1996 464 2036; x_wconf 89' lang='lat' dir='ltr'>et</span> <span class='ocrx_word' id='word_1_163' title='bbox 495 1990 657 2037; x_wconf 86' lang='lat' dir='ltr'>Arturi</span> <span class='ocrx_word' id='word_1_164' title='bbox 696 1992 817 2049; x_wconf 86' lang='lat' dir='ltr'>regis</span> <span class='ocrx_word' id='word_1_165' title='bbox 859 1992 1073 2049; x_wconf 83' lang='lat' dir='ltr'>ambages</span> <span class='ocrx_word' id='word_1_166' title='bbox 1111 1993 1421 2050; x_wconf 86' lang='lat' dir='ltr'>pulcerrimae,</span> <span class='ocrx_word' id='word_1_167' title='bbox 1454 1999 1501 2039; x_wconf 89' lang='lat' dir='ltr'>et</span> <span class='ocrx_word' id='word_1_168' title='bbox 1531 2004 1671 2052; x_wconf 88' lang='lat' dir='ltr'>quam</span> <span class='ocrx_word' id='word_1_169' title='bbox 1710 1993 1866 2051; x_wconf 87' lang='lat' dir='ltr'>plures</span> 
     </span>
     <span class='ocr_line' id='line_1_23' title="bbox 227 2063 1866 2124; baseline 0.002 -17"><span class='ocrx_word' id='word_1_170' title='bbox 227 2063 328 2108; x_wconf 88' lang='lat' dir='ltr'>aliae</span> <span class='ocrx_word' id='word_1_171' title='bbox 359 2063 564 2110; x_wconf 83' lang='lat' dir='ltr'>historiae</span> <span class='ocrx_word' id='word_1_172' title='bbox 601 2077 655 2111; x_wconf 90' lang='lat' dir='ltr'>ac</span> <span class='ocrx_word' id='word_1_173' title='bbox 682 2064 923 2111; x_wconf 87' lang='lat' dir='ltr'>doctrinae.</span> <span class='ocrx_word' id='word_1_174' title='bbox 959 2065 1049 2111; x_wconf 86' lang='lat' dir='ltr'>Pro</span> <span class='ocrx_word' id='word_1_175' title='bbox 1075 2078 1124 2111; x_wconf 85' lang='lat' dir='ltr'>se</span> <span class='ocrx_word' id='word_1_176' title='bbox 1148 2078 1263 2112; x_wconf 87' lang='lat' dir='ltr'>vero</span> <span class='ocrx_word' id='word_1_177' title='bbox 1284 2071 1638 2123; x_wconf 85' lang='lat' dir='ltr'>argumentatur</span> <span class='ocrx_word' id='word_1_178' title='bbox 1657 2066 1758 2124; x_wconf 83' lang='lat' dir='ltr'>alia,</span> <span class='ocrx_word' id='word_1_179' title='bbox 1783 2066 1866 2112; x_wconf 86' lang='lat' dir='ltr'>sci·</span> 
     </span>
     <span class='ocr_line' id='line_1_24' title="bbox 226 2136 1864 2198; baseline 0.002 -16"><span class='ocrx_word' id='word_1_180' title='bbox 226 2136 336 2183; x_wconf 86' lang='lat' dir='ltr'>licet</span> <span class='ocrx_word' id='word_1_181' title='bbox 362 2151 430 2191; x_wconf 79' lang='lat' dir='ltr'>oc,</span> <span class='ocrx_word' id='word_1_182' title='bbox 455 2139 579 2196; x_wconf 89' lang='lat' dir='ltr'>quod</span> <span class='ocrx_word' id='word_1_183' title='bbox 604 2138 819 2196; x_wconf 83' lang='lat' dir='ltr'>vulgares</span> <span class='ocrx_word' id='word_1_184' title='bbox 845 2138 1115 2196; x_wconf 86' lang='lat' dir='ltr'>eloquentes</span> <span class='ocrx_word' id='word_1_185' title='bbox 1139 2138 1187 2183; x_wconf 90' lang='lat' dir='ltr'>in</span> <span class='ocrx_word' id='word_1_186' title='bbox 1218 2151 1270 2184; x_wconf 91' lang='lat' dir='ltr'>ea</span> <span class='ocrx_word' id='word_1_187' title='bbox 1300 2139 1516 2198; x_wconf 89' lang='lat' dir='ltr'>primitus</span> <span class='ocrx_word' id='word_1_188' title='bbox 1540 2140 1712 2198; x_wconf 88' lang='lat' dir='ltr'>poetati</span> <span class='ocrx_word' id='word_1_189' title='bbox 1737 2146 1864 2197; x_wconf 89' lang='lat' dir='ltr'>sunt,</span> 
     </span>
     <span class='ocr_line' id='line_1_25' title="bbox 226 2210 1866 2271; baseline 0.003 -17"><span class='ocrx_word' id='word_1_190' title='bbox 226 2214 449 2267; x_wconf 86' lang='lat' dir='ltr'>tanquam</span> <span class='ocrx_word' id='word_1_191' title='bbox 471 2210 520 2254; x_wconf 89' lang='lat' dir='ltr'>in</span> <span class='ocrx_word' id='word_1_192' title='bbox 545 2210 827 2268; x_wconf 86' lang='lat' dir='ltr'>perfectiori,</span> <span class='ocrx_word' id='word_1_193' title='bbox 855 2211 1146 2269; x_wconf 90' lang='lat' dir='ltr'>dulciorique</span> <span class='ocrx_word' id='word_1_194' title='bbox 1167 2211 1377 2270; x_wconf 88' lang='lat' dir='ltr'>loquela:</span> <span class='ocrx_word' id='word_1_195' title='bbox 1400 2218 1454 2258; x_wconf 93' lang='lat' dir='ltr'>ut</span> <span class='ocrx_word' id='word_1_196' title='bbox 1480 2218 1593 2271; x_wconf 86' lang='lat' dir='ltr'>puta</span> <span class='ocrx_word' id='word_1_197' title='bbox 1619 2213 1788 2259; x_wconf 87' lang='lat' dir='ltr'>Petrus</span> <span class='ocrx_word' id='word_1_198' title='bbox 1809 2213 1866 2259; x_wconf 88' lang='lat' dir='ltr'>de</span> 
     </span>
     <span class='ocr_line' id='line_1_26' title="bbox 225 2284 1866 2346; baseline 0.002 -16"><span class='ocrx_word' id='word_1_199' title='bbox 225 2284 462 2341; x_wconf 88' lang='lat' dir='ltr'>Alvernia,</span> <span class='ocrx_word' id='word_1_200' title='bbox 497 2290 543 2330; x_wconf 88' lang='lat' dir='ltr'>et</span> <span class='ocrx_word' id='word_1_201' title='bbox 574 2284 648 2330; x_wconf 87' lang='lat' dir='ltr'>alii</span> <span class='ocrx_word' id='word_1_202' title='bbox 673 2285 957 2343; x_wconf 88' lang='lat' dir='ltr'>antiquiores</span> <span class='ocrx_word' id='word_1_203' title='bbox 988 2286 1213 2332; x_wconf 75' lang='lat' dir='ltr'>doctores</span> <span class='ocrx_word' id='word_1_204' title='bbox 1252 2286 1408 2332; x_wconf 87' lang='lat' dir='ltr'>Tertia</span> <span class='ocrx_word' id='word_1_205' title='bbox 1447 2298 1554 2346; x_wconf 85' lang='lat' dir='ltr'>quae</span> <span class='ocrx_word' id='word_1_206' title='bbox 1593 2286 1866 2333; x_wconf 85' lang='lat' dir='ltr'>Latinorum</span> 
     </span>
     <span class='ocr_line' id='line_1_27' title="bbox 226 2357 1864 2419; baseline 0.002 -17"><span class='ocrx_word' id='word_1_207' title='bbox 226 2362 312 2414; x_wconf 89' lang='lat' dir='ltr'>est,</span> <span class='ocrx_word' id='word_1_208' title='bbox 338 2369 387 2403; x_wconf 90' lang='lat' dir='ltr'>se</span> <span class='ocrx_word' id='word_1_209' title='bbox 419 2357 601 2404; x_wconf 90' lang='lat' dir='ltr'>duobus</span> <span class='ocrx_word' id='word_1_210' title='bbox 630 2359 881 2417; x_wconf 86' lang='lat' dir='ltr'>privilegiis</span> <span class='ocrx_word' id='word_1_211' title='bbox 920 2364 1172 2406; x_wconf 88' lang='lat' dir='ltr'>attestatur</span> <span class='ocrx_word' id='word_1_212' title='bbox 1211 2372 1440 2418; x_wconf 86' lang='lat' dir='ltr'>praeesse:</span> <span class='ocrx_word' id='word_1_213' title='bbox 1481 2361 1631 2418; x_wconf 88' lang='lat' dir='ltr'>primo</span> <span class='ocrx_word' id='word_1_214' title='bbox 1661 2360 1864 2419; x_wconf 86' lang='lat' dir='ltr'>quidem,</span> 
     </span>
     <span class='ocr_line' id='line_1_28' title="bbox 226 2430 1864 2492; baseline 0.003 -17"><span class='ocrx_word' id='word_1_215' title='bbox 226 2430 351 2488; x_wconf 92' lang='lat' dir='ltr'>quod</span> <span class='ocrx_word' id='word_1_216' title='bbox 372 2430 453 2489; x_wconf 94' lang='lat' dir='ltr'>qui</span> <span class='ocrx_word' id='word_1_217' title='bbox 478 2431 674 2489; x_wconf 79' lang='lat' dir='ltr'>dulciUS,</span> <span class='ocrx_word' id='word_1_218' title='bbox 701 2433 1008 2492; x_wconf 88' lang='lat' dir='ltr'>subtiliusque</span> <span class='ocrx_word' id='word_1_219' title='bbox 1035 2435 1209 2492; x_wconf 89' lang='lat' dir='ltr'>poetati</span> <span class='ocrx_word' id='word_1_220' title='bbox 1240 2434 1496 2492; x_wconf 82' lang='lat' dir='ltr'>vulgariter</span> <span class='ocrx_word' id='word_1_221' title='bbox 1514 2439 1646 2492; x_wconf 88' lang='lat' dir='ltr'>sunt,</span> <span class='ocrx_word' id='word_1_222' title='bbox 1677 2435 1708 2479; x_wconf 92' lang='lat' dir='ltr'>ii</span> <span class='ocrx_word' id='word_1_223' title='bbox 1737 2434 1864 2480; x_wconf 85' lang='lat' dir='ltr'>farni-</span> 
     </span>
     <span class='ocr_line' id='line_1_29' title="bbox 223 2505 1866 2567; baseline 0.002 -17"><span class='ocrx_word' id='word_1_224' title='bbox 223 2505 377 2561; x_wconf 89' lang='lat' dir='ltr'>liares,</span> <span class='ocrx_word' id='word_1_225' title='bbox 404 2510 451 2551; x_wconf 90' lang='lat' dir='ltr'>et</span> <span class='ocrx_word' id='word_1_226' title='bbox 470 2505 708 2553; x_wconf 89' lang='lat' dir='ltr'>domestici</span> <span class='ocrx_word' id='word_1_227' title='bbox 731 2507 802 2553; x_wconf 93' lang='lat' dir='ltr'>sui</span> <span class='ocrx_word' id='word_1_228' title='bbox 827 2513 938 2554; x_wconf 87' lang='lat' dir='ltr'>sunt</span> <span class='ocrx_word' id='word_1_229' title='bbox 955 2521 970 2565; x_wconf 85' lang='lat'>;</span> <span class='ocrx_word' id='word_1_230' title='bbox 995 2514 1109 2566; x_wconf 89' lang='lat' dir='ltr'>puta</span> <span class='ocrx_word' id='word_1_231' title='bbox 1137 2509 1277 2555; x_wconf 90' lang='lat' dir='ltr'>Cinus</span> <span class='ocrx_word' id='word_1_232' title='bbox 1298 2508 1597 2567; x_wconf 81' lang='lat' dir='ltr'>pistoriensiS,</span> <span class='ocrx_word' id='word_1_233' title='bbox 1618 2513 1667 2555; x_wconf 88' lang='lat' dir='ltr'>et</span> <span class='ocrx_word' id='word_1_234' title='bbox 1687 2509 1866 2555; x_wconf 91' lang='lat' dir='ltr'>amicus</span> 
     </span>
     <span class='ocr_line' id='line_1_30' title="bbox 225 2577 1865 2641; baseline 0.002 -16"><span class='ocrx_word' id='word_1_235' title='bbox 225 2578 323 2636; x_wconf 82' lang='lat' dir='ltr'>ejus</span> <span class='ocrx_word' id='word_1_236' title='bbox 341 2577 384 2626; x_wconf 80' lang='lat'>:¹</span> <span class='ocrx_word' id='word_1_237' title='bbox 429 2581 650 2638; x_wconf 81' lang='lat' dir='ltr'>secundO,</span> <span class='ocrx_word' id='word_1_238' title='bbox 683 2580 790 2639; x_wconf 87' lang='lat' dir='ltr'>quia</span> <span class='ocrx_word' id='word_1_239' title='bbox 815 2581 958 2638; x_wconf 85' lang='lat' dir='ltr'>magis</span> <span class='ocrx_word' id='word_1_240' title='bbox 982 2581 1205 2629; x_wconf 86' lang='lat' dir='ltr'>videntur</span> <span class='ocrx_word' id='word_1_241' title='bbox 1229 2581 1366 2628; x_wconf 89' lang='lat' dir='ltr'>inniti</span> <span class='ocrx_word' id='word_1_242' title='bbox 1396 2581 1726 2640; x_wconf 84' lang='lat' dir='ltr'>grammaticae,</span> <span class='ocrx_word' id='word_1_243' title='bbox 1759 2595 1865 2641; x_wconf 87' lang='lat' dir='ltr'>quae</span> 
     </span>
     <span class='ocr_line' id='line_1_31' title="bbox 227 2652 1867 2711; baseline 0 -11"><span class='ocrx_word' id='word_1_244' title='bbox 227 2652 486 2701; x_wconf 80' lang='lat' dir='ltr'>communis</span> <span class='ocrx_word' id='word_1_245' title='bbox 517 2657 616 2698; x_wconf 88' lang='lat' dir='ltr'>est:</span> <span class='ocrx_word' id='word_1_246' title='bbox 650 2653 775 2710; x_wconf 92' lang='lat' dir='ltr'>quod</span> <span class='ocrx_word' id='word_1_247' title='bbox 804 2652 1138 2698; x_wconf 88' lang='lat' dir='ltr'>rationabiliter</span> <span class='ocrx_word' id='word_1_248' title='bbox 1163 2652 1517 2711; x_wconf 88' lang='lat' dir='ltr'>inspicientibus</span> <span class='ocrx_word' id='word_1_249' title='bbox 1546 2653 1737 2701; x_wconf 87' lang='lat' dir='ltr'>videtur</span> <span class='ocrx_word' id='word_1_250' title='bbox 1766 2665 1867 2711; x_wconf 84' lang='lat' dir='ltr'>gra-</span> 
     </span>
    </p>
   </div>
   <div class='ocr_carea' id='block_1_6' title="bbox 215 2770 1873 2921">
    <p class='ocr_par' dir='ltr' id='par_1_6' title="bbox 215 2770 1873 2921">
     <span class='ocr_line' id='line_1_32' title="bbox 263 2770 1871 2818; baseline -0.002 -9"><span class='ocrx_word' id='word_1_251' title='bbox 263 2773 278 2800; x_wconf 86' lang='lat'>1</span> <span class='ocrx_word' id='word_1_252' title='bbox 306 2773 374 2809; x_wconf 90' lang='lat' dir='ltr'>Col</span> <span class='ocrx_word' id='word_1_253' title='bbox 400 2782 513 2808; x_wconf 87' lang='lat' dir='ltr'>nome</span> <span class='ocrx_word' id='word_1_254' title='bbox 536 2772 699 2808; x_wconf 76' lang='lat' dir='ltr'>d&#39;amico</span> <span class='ocrx_word' id='word_1_255' title='bbox 722 2773 760 2807; x_wconf 85' lang='lat' dir='ltr'>di</span> <span class='ocrx_word' id='word_1_256' title='bbox 784 2773 872 2807; x_wconf 81' lang='lat' dir='ltr'>Cino</span> <span class='ocrx_word' id='word_1_257' title='bbox 887 2772 1003 2807; x_wconf 84' lang='lat' dir='ltr'>vuole</span> <span class='ocrx_word' id='word_1_258' title='bbox 1082 2773 1145 2818; x_wconf 86' lang='lat' dir='ltr'>gio</span> <span class='ocrx_word' id='word_1_259' title='bbox 1179 2772 1277 2818; x_wconf 81' lang='lat' dir='ltr'>degi·</span> <span class='ocrx_word' id='word_1_260' title='bbox 1296 2771 1462 2814; x_wconf 70' lang='lat' dir='ltr'>ltaliam,</span> <span class='ocrx_word' id='word_1_261' title='bbox 1494 2781 1563 2817; x_wconf 85' lang='lat' dir='ltr'>per</span> <span class='ocrx_word' id='word_1_262' title='bbox 1594 2779 1712 2807; x_wconf 83' lang='lat' dir='ltr'>avere</span> <span class='ocrx_word' id='word_1_263' title='bbox 1744 2770 1871 2805; x_wconf 79' lang='lat' dir='ltr'>ambe-</span> 
     </span>
     <span class='ocr_line' id='line_1_33' title="bbox 217 2820 1873 2870; baseline 0.003 -11"><span class='ocrx_word' id='word_1_264' title='bbox 217 2821 388 2859; x_wconf 76' lang='lat' dir='ltr'>indicare</span> <span class='ocrx_word' id='word_1_265' title='bbox 412 2822 613 2865; x_wconf 79' lang='lat' dir='ltr'>sestesso3</span> <span class='ocrx_word' id='word_1_266' title='bbox 635 2820 712 2857; x_wconf 76' lang='lat' dir='ltr'>ese</span> <span class='ocrx_word' id='word_1_267' title='bbox 737 2831 757 2857; x_wconf 92' lang='lat' dir='ltr'>e</span> <span class='ocrx_word' id='word_1_268' title='bbox 783 2821 879 2857; x_wconf 89' lang='lat' dir='ltr'>Cino</span> <span class='ocrx_word' id='word_1_269' title='bbox 904 2821 1005 2856; x_wconf 82' lang='lat' dir='ltr'>chia·</span> <span class='ocrx_word' id='word_1_270' title='bbox 1081 2824 1155 2858; x_wconf 86' lang='lat' dir='ltr'>due</span> <span class='ocrx_word' id='word_1_271' title='bbox 1200 2823 1346 2861; x_wconf 64' lang='lat' dir='ltr'>deitato</span> <span class='ocrx_word' id='word_1_272' title='bbox 1387 2824 1519 2870; x_wconf 81' lang='lat' dir='ltr'>poesie</span> <span class='ocrx_word' id='word_1_273' title='bbox 1556 2823 1595 2864; x_wconf 83' lang='lat' dir='ltr'>in</span> <span class='ocrx_word' id='word_1_274' title='bbox 1625 2821 1759 2868; x_wconf 71' lang='lat' dir='ltr'>lingua</span> <span class='ocrx_word' id='word_1_275' title='bbox 1791 2821 1873 2858; x_wconf 64' lang='lat' dir='ltr'>Vol·</span> 
     </span>
     <span class='ocr_line' id='line_1_34' title="bbox 215 2873 1188 2921; baseline 0 -8"><span class='ocrx_word' id='word_1_276' title='bbox 215 2883 280 2913; x_wconf 75' lang='lat' dir='ltr'>ma</span> <span class='ocrx_word' id='word_1_277' title='bbox 303 2874 482 2913; x_wconf 79' lang='lat' dir='ltr'>familiari</span> <span class='ocrx_word' id='word_1_278' title='bbox 497 2883 518 2912; x_wconf 85' lang='lat' dir='ltr'>e</span> <span class='ocrx_word' id='word_1_279' title='bbox 534 2874 735 2911; x_wconf 85' lang='lat' dir='ltr'>domestici</span> <span class='ocrx_word' id='word_1_280' title='bbox 751 2873 815 2911; x_wconf 85' lang='lat' dir='ltr'>del</span> <span class='ocrx_word' id='word_1_281' title='bbox 832 2874 1007 2921; x_wconf 63' lang='lat' dir='ltr'>linguag·</span> <span class='ocrx_word' id='word_1_282' title='bbox 1080 2881 1188 2921; x_wconf 54' lang='lat' dir='ltr'>gere·</span> 
     </span>
    </p>
   </div>
   <div class='ocr_carea' id='block_1_7' title="bbox 2030 1102 2043 1146">
    <p class='ocr_par' dir='ltr' id='par_1_7' title="bbox 2030 1102 2043 1146">
     <span class='ocr_line' id='line_1_35' title="bbox 2030 1102 2043 1146; baseline 0 0"><span class='ocrx_word' id='word_1_283' title='bbox 2030 1102 2043 1146; x_wconf 62' lang='grc' dir='ltr'>ἓ</span> 
     </span>
    </p>
   </div>
   <div class='ocr_carea' id='block_1_8' title="bbox 1987 2145 2054 3262">
    <p class='ocr_par' dir='ltr' id='par_1_8' title="bbox 1987 2145 2054 3262">
     <span class='ocr_line' id='line_1_36' title="bbox 1987 2145 2054 3262; baseline 0 0"><span class='ocrx_word' id='word_1_284' title='bbox 1987 2145 2054 3262; x_wconf 95' lang='lat' dir='ltr'> </span> 
     </span>
    </p>
   </div>
  </div>
 </body>
</html>
