<?xml version="1.0" encoding="UTF-8"?>
<!DOCTYPE html PUBLIC "-//W3C//DTD XHTML 1.0 Transitional//EN"
    "http://www.w3.org/TR/xhtml1/DTD/xhtml1-transitional.dtd">
<html xmlns="http://www.w3.org/1999/xhtml" xml:lang="en" lang="en">
 <head>
  <title>
</title>
<meta http-equiv="Content-Type" content="text/html;charset=utf-8" />
  <meta name='ocr-system' content='tesseract 3.04.00' />
  <meta name='ocr-capabilities' content='ocr_page ocr_carea ocr_par ocr_line ocrx_word'/>
</head>
<body>
  <div class='ocr_page' id='page_1' title='image "./opereminori02dantuoft_0358.png"; bbox 0 0 2054 3262; ppageno 0'>
   <div class='ocr_carea' id='block_1_1' title="bbox 331 177 1347 224">
    <p class='ocr_par' dir='ltr' id='par_1_1' title="bbox 331 177 1347 224">
     <span class='ocr_line' id='line_1_1' title="bbox 331 177 1347 224; baseline 0 -1"><span class='ocrx_word' id='word_1_1' title='bbox 331 177 415 223; x_wconf 72' lang='lat'><strong>348</strong></span> <span class='ocrx_word' id='word_1_2' title='bbox 916 184 1056 222; x_wconf 80' lang='lat' dir='ltr'>LIBER</span> <span class='ocrx_word' id='word_1_3' title='bbox 1087 185 1347 224; x_wconf 76' lang='lat' dir='ltr'>SECUNDUS.</span> 
     </span>
    </p>
   </div>
   <div class='ocr_carea' id='block_1_2' title="bbox 305 279 1994 2949">
    <p class='ocr_par' dir='ltr' id='par_1_2' title="bbox 305 279 1994 2949">
     <span class='ocr_line' id='line_1_2' title="bbox 327 279 1928 342; baseline 0.004 -17"><span class='ocrx_word' id='word_1_4' title='bbox 327 279 583 326; x_wconf 87' lang='lat' dir='ltr'><strong>medicinali</strong></span> <span class='ocrx_word' id='word_1_5' title='bbox 613 287 717 327; x_wconf 91' lang='lat' dir='ltr'><strong>ante</strong></span> <span class='ocrx_word' id='word_1_6' title='bbox 746 281 920 327; x_wconf 83' lang='lat' dir='ltr'><strong>ferrum</strong></span> <span class='ocrx_word' id='word_1_7' title='bbox 954 287 1000 327; x_wconf 88' lang='lat' dir='ltr'><strong>et</strong></span> <span class='ocrx_word' id='word_1_8' title='bbox 1040 281 1188 338; x_wconf 84' lang='lat' dir='ltr'><strong>ignem</strong></span> <span class='ocrx_word' id='word_1_9' title='bbox 1228 282 1376 328; x_wconf 91' lang='lat' dir='ltr'><strong>omnia</strong></span> <span class='ocrx_word' id='word_1_10' title='bbox 1416 282 1690 340; x_wconf 87' lang='lat' dir='ltr'><strong>experienda</strong></span> <span class='ocrx_word' id='word_1_11' title='bbox 1729 289 1851 342; x_wconf 88' lang='lat' dir='ltr'><strong>sunt,</strong></span> <span class='ocrx_word' id='word_1_12' title='bbox 1880 289 1928 332; x_wconf 78' lang='lat' dir='ltr'><strong>et</strong></span> 
     </span>
     <span class='ocr_line' id='line_1_3' title="bbox 329 353 1928 414; baseline 0.003 -17"><span class='ocrx_word' id='word_1_13' title='bbox 329 353 386 398; x_wconf 92' lang='lat' dir='ltr'><strong>ad</strong></span> <span class='ocrx_word' id='word_1_14' title='bbox 414 353 513 398; x_wconf 87' lang='lat' dir='ltr'><strong>haec</strong></span> <span class='ocrx_word' id='word_1_15' title='bbox 538 354 703 399; x_wconf 87' lang='lat' dir='ltr'><strong>ultimo</strong></span> <span class='ocrx_word' id='word_1_16' title='bbox 734 355 1065 401; x_wconf 90' lang='lat' dir='ltr'><strong>recurrendum</strong></span> <span class='ocrx_word' id='word_1_17' title='bbox 1082 368 1096 411; x_wconf 78' lang='lat'>3</span> <span class='ocrx_word' id='word_1_18' title='bbox 1127 354 1193 414; x_wconf 86' lang='lat' dir='ltr'><strong>sic</strong></span> <span class='ocrx_word' id='word_1_19' title='bbox 1224 354 1431 400; x_wconf 91' lang='lat' dir='ltr'><strong>omnibus</strong></span> <span class='ocrx_word' id='word_1_20' title='bbox 1460 355 1548 402; x_wconf 85' lang='lat' dir='ltr'><strong>viis</strong></span> <span class='ocrx_word' id='word_1_21' title='bbox 1575 356 1703 414; x_wconf 83' lang='lat' dir='ltr'><strong>prius</strong></span> <span class='ocrx_word' id='word_1_22' title='bbox 1739 356 1928 404; x_wconf 87' lang='lat' dir='ltr'><strong>investi-</strong></span> 
     </span>
     <span class='ocr_line' id='line_1_4' title="bbox 327 425 1926 487; baseline 0.004 -17"><span class='ocrx_word' id='word_1_23' title='bbox 327 425 456 481; x_wconf 82' lang='lat' dir='ltr'><strong>gatiS,</strong></span> <span class='ocrx_word' id='word_1_24' title='bbox 487 438 569 482; x_wconf 90' lang='lat' dir='ltr'><strong>pro</strong></span> <span class='ocrx_word' id='word_1_25' title='bbox 595 426 766 483; x_wconf 90' lang='lat' dir='ltr'><strong>judicio</strong></span> <span class='ocrx_word' id='word_1_26' title='bbox 797 428 852 473; x_wconf 90' lang='lat' dir='ltr'><strong>de</strong></span> <span class='ocrx_word' id='word_1_27' title='bbox 882 428 960 473; x_wconf 90' lang='lat' dir='ltr'><strong>lite</strong></span> <span class='ocrx_word' id='word_1_28' title='bbox 984 428 1203 483; x_wconf 88' lang='lat' dir='ltr'><strong>habendo,</strong></span> <span class='ocrx_word' id='word_1_29' title='bbox 1234 428 1289 473; x_wconf 91' lang='lat' dir='ltr'><strong>ad</strong></span> <span class='ocrx_word' id='word_1_30' title='bbox 1312 428 1396 473; x_wconf 91' lang='lat' dir='ltr'><strong>hoc</strong></span> <span class='ocrx_word' id='word_1_31' title='bbox 1417 428 1670 474; x_wconf 90' lang='lat' dir='ltr'><strong>remedium</strong></span> <span class='ocrx_word' id='word_1_32' title='bbox 1699 430 1926 487; x_wconf 90' lang='lat' dir='ltr'><strong>ultimum,</strong></span> 
     </span>
     <span class='ocr_line' id='line_1_5' title="bbox 326 497 1928 560; baseline 0.006 -19"><span class='ocrx_word' id='word_1_33' title='bbox 326 497 519 553; x_wconf 86' lang='lat' dir='ltr'><strong>quadam</strong></span> <span class='ocrx_word' id='word_1_34' title='bbox 534 498 725 555; x_wconf 86' lang='lat' dir='ltr'><strong>justitiae</strong></span> <span class='ocrx_word' id='word_1_35' title='bbox 749 501 1018 547; x_wconf 76' lang='lat' dir='ltr'>necessitate</span> <span class='ocrx_word' id='word_1_36' title='bbox 1043 501 1202 557; x_wconf 89' lang='lat' dir='ltr'><strong>coacti,</strong></span> <span class='ocrx_word' id='word_1_37' title='bbox 1222 513 1528 548; x_wconf 82' lang='lat' dir='ltr'><strong>recurramus,</strong></span> <span class='ocrx_word' id='word_1_38' title='bbox 1553 502 1653 548; x_wconf 90' lang='lat' dir='ltr'><strong>Duo</strong></span> <span class='ocrx_word' id='word_1_39' title='bbox 1675 501 1814 560; x_wconf 84' lang='lat' dir='ltr'><strong>igitur</strong></span> <span class='ocrx_word' id='word_1_40' title='bbox 1836 503 1928 550; x_wconf 79' lang='lat' dir='ltr'><strong>for-</strong></span> 
     </span>
     <span class='ocr_line' id='line_1_6' title="bbox 328 569 1981 637; baseline 0.007 -25"><span class='ocrx_word' id='word_1_41' title='bbox 328 569 457 615; x_wconf 88' lang='lat' dir='ltr'><strong>malia</strong></span> <span class='ocrx_word' id='word_1_42' title='bbox 474 571 607 616; x_wconf 85' lang='lat' dir='ltr'>duelli</span> <span class='ocrx_word' id='word_1_43' title='bbox 627 580 843 630; x_wconf 80' lang='lat' dir='ltr'><strong>apparent</strong></span> <span class='ocrx_word' id='word_1_44' title='bbox 861 588 874 630; x_wconf 77' lang='lat'>3</span> <span class='ocrx_word' id='word_1_45' title='bbox 898 587 1055 630; x_wconf 91' lang='lat' dir='ltr'><strong>unum,</strong></span> <span class='ocrx_word' id='word_1_46' title='bbox 1080 575 1164 620; x_wconf 83' lang='lat' dir='ltr'><strong>hoc</strong></span> <span class='ocrx_word' id='word_1_47' title='bbox 1189 575 1309 632; x_wconf 87' lang='lat' dir='ltr'><strong>quod</strong></span> <span class='ocrx_word' id='word_1_48' title='bbox 1324 588 1449 621; x_wconf 88' lang='lat' dir='ltr'><strong>nunc</strong></span> <span class='ocrx_word' id='word_1_49' title='bbox 1470 575 1647 622; x_wconf 88' lang='lat' dir='ltr'><strong>dictum</strong></span> <span class='ocrx_word' id='word_1_50' title='bbox 1670 582 1764 622; x_wconf 85' lang='lat' dir='ltr'><strong>est:</strong></span> <span class='ocrx_word' id='word_1_51' title='bbox 1789 576 1928 637; x_wconf 89' lang='lat' dir='ltr'><strong>aliud,</strong></span> <span class='ocrx_word' id='word_1_52' title='bbox 1980 598 1981 601; x_wconf 39' lang='lat'>¹</span> 
     </span>
     <span class='ocr_line' id='line_1_7' title="bbox 326 646 1926 706; baseline 0.005 -18"><span class='ocrx_word' id='word_1_53' title='bbox 326 646 449 700; x_wconf 90' lang='lat' dir='ltr'><strong>quod</strong></span> <span class='ocrx_word' id='word_1_54' title='bbox 479 647 688 703; x_wconf 89' lang='lat' dir='ltr'><strong>superius</strong></span> <span class='ocrx_word' id='word_1_55' title='bbox 732 649 1020 705; x_wconf 80' lang='lat' dir='ltr'><strong>tangebatur:</strong></span> <span class='ocrx_word' id='word_1_56' title='bbox 1053 649 1241 703; x_wconf 74' lang='lat' dir='ltr'><strong>scilicet5</strong></span> <span class='ocrx_word' id='word_1_57' title='bbox 1274 656 1324 694; x_wconf 92' lang='lat' dir='ltr'><strong>ut</strong></span> <span class='ocrx_word' id='word_1_58' title='bbox 1356 662 1448 695; x_wconf 92' lang='lat' dir='ltr'><strong>non</strong></span> <span class='ocrx_word' id='word_1_59' title='bbox 1478 649 1595 706; x_wconf 91' lang='lat' dir='ltr'><strong>odio,</strong></span> <span class='ocrx_word' id='word_1_60' title='bbox 1635 661 1727 696; x_wconf 93' lang='lat' dir='ltr'><strong>non</strong></span> <span class='ocrx_word' id='word_1_61' title='bbox 1756 661 1926 704; x_wconf 86' lang='lat' dir='ltr'><strong>amore,</strong></span> 
     </span>
     <span class='ocr_line' id='line_1_8' title="bbox 325 717 1926 779; baseline 0.004 -18"><span class='ocrx_word' id='word_1_62' title='bbox 325 717 404 762; x_wconf 90' lang='lat' dir='ltr'><strong>sed</strong></span> <span class='ocrx_word' id='word_1_63' title='bbox 434 718 526 763; x_wconf 91' lang='lat' dir='ltr'><strong>solo</strong></span> <span class='ocrx_word' id='word_1_64' title='bbox 552 718 739 774; x_wconf 88' lang='lat' dir='ltr'><strong>justitiae</strong></span> <span class='ocrx_word' id='word_1_65' title='bbox 765 722 874 775; x_wconf 91' lang='lat' dir='ltr'><strong>zelo,</strong></span> <span class='ocrx_word' id='word_1_66' title='bbox 902 723 956 766; x_wconf 92' lang='lat' dir='ltr'><strong>de</strong></span> <span class='ocrx_word' id='word_1_67' title='bbox 983 722 1211 767; x_wconf 89' lang='lat' dir='ltr'><strong>communi</strong></span> <span class='ocrx_word' id='word_1_68' title='bbox 1232 734 1433 779; x_wconf 81' lang='lat' dir='ltr'><strong>assensn,</strong></span> <span class='ocrx_word' id='word_1_69' title='bbox 1453 723 1668 779; x_wconf 88' lang='lat' dir='ltr'><strong>agonistae</strong></span> <span class='ocrx_word' id='word_1_70' title='bbox 1693 734 1776 768; x_wconf 89' lang='lat' dir='ltr'><strong>seu</strong></span> <span class='ocrx_word' id='word_1_71' title='bbox 1799 723 1926 768; x_wconf 87' lang='lat' dir='ltr'><strong>duel-</strong></span> 
     </span>
     <span class='ocr_line' id='line_1_9' title="bbox 327 787 1926 854; baseline 0.005 -22"><span class='ocrx_word' id='word_1_72' title='bbox 327 787 467 834; x_wconf 89' lang='lat' dir='ltr'><strong>liones</strong></span> <span class='ocrx_word' id='word_1_73' title='bbox 497 790 751 854; x_wconf 75' lang='lat' dir='ltr'><strong>palaestram</strong></span> <span class='ocrx_word' id='word_1_74' title='bbox 782 792 1105 849; x_wconf 81' lang='lat' dir='ltr'><strong>ingrediantur.</strong></span> <span class='ocrx_word' id='word_1_75' title='bbox 1143 793 1201 838; x_wconf 85' lang='lat' dir='ltr'><strong>Et</strong></span> <span class='ocrx_word' id='word_1_76' title='bbox 1233 799 1420 850; x_wconf 90' lang='lat' dir='ltr'><strong>propter</strong></span> <span class='ocrx_word' id='word_1_77' title='bbox 1459 794 1544 839; x_wconf 91' lang='lat' dir='ltr'><strong>hoc</strong></span> <span class='ocrx_word' id='word_1_78' title='bbox 1582 794 1698 840; x_wconf 89' lang='lat' dir='ltr'><strong>bene</strong></span> <span class='ocrx_word' id='word_1_79' title='bbox 1739 793 1926 851; x_wconf 81' lang='lat' dir='ltr'><strong>TulliuS,</strong></span> 
     </span>
     <span class='ocr_line' id='line_1_10' title="bbox 323 863 1927 925; baseline 0.004 -19"><span class='ocrx_word' id='word_1_80' title='bbox 323 874 427 906; x_wconf 93' lang='lat' dir='ltr'><strong>cum</strong></span> <span class='ocrx_word' id='word_1_81' title='bbox 461 863 515 908; x_wconf 91' lang='lat' dir='ltr'><strong>de</strong></span> <span class='ocrx_word' id='word_1_82' title='bbox 537 865 725 911; x_wconf 89' lang='lat' dir='ltr'><strong>materia</strong></span> <span class='ocrx_word' id='word_1_83' title='bbox 758 871 994 922; x_wconf 86' lang='lat' dir='ltr'><strong>tangeret:</strong></span> <span class='ocrx_word' id='word_1_84' title='bbox 1026 866 1257 923; x_wconf 86' lang='lat' dir='ltr'><strong>inquiebat</strong></span> <span class='ocrx_word' id='word_1_85' title='bbox 1301 867 1451 911; x_wconf 83' lang='lat' dir='ltr'><strong>enim:</strong></span> <span class='ocrx_word' id='word_1_86' title='bbox 1485 866 1566 912; x_wconf 84' lang='lat' dir='ltr'><strong>Sed</strong></span> <span class='ocrx_word' id='word_1_87' title='bbox 1599 867 1732 922; x_wconf 80' lang='lat' dir='ltr'><strong>bella,</strong></span> <span class='ocrx_word' id='word_1_88' title='bbox 1768 867 1927 925; x_wconf 78' lang='lat' dir='ltr'><strong>quibus</strong></span> 
     </span>
     <span class='ocr_line' id='line_1_11' title="bbox 322 934 1994 995; baseline 0.005 -19"><span class='ocrx_word' id='word_1_89' title='bbox 322 934 508 988; x_wconf 81' lang='lat' dir='ltr'><strong>imperii</strong></span> <span class='ocrx_word' id='word_1_90' title='bbox 539 947 708 980; x_wconf 72' lang='lat' dir='ltr'><strong>corona</strong></span> <span class='ocrx_word' id='word_1_91' title='bbox 733 940 959 993; x_wconf 79' lang='lat' dir='ltr'><strong>proposita</strong></span> <span class='ocrx_word' id='word_1_92' title='bbox 981 942 1053 990; x_wconf 79' lang='lat' dir='ltr'><strong>est,</strong></span> <span class='ocrx_word' id='word_1_93' title='bbox 1080 938 1231 982; x_wconf 82' lang='lat' dir='ltr'><strong>minus</strong></span> <span class='ocrx_word' id='word_1_94' title='bbox 1255 939 1413 983; x_wconf 81' lang='lat' dir='ltr'><strong>acerbe</strong></span> <span class='ocrx_word' id='word_1_95' title='bbox 1433 938 1630 995; x_wconf 64' lang='lat' dir='ltr'><strong>perenda</strong></span> <span class='ocrx_word' id='word_1_96' title='bbox 1659 944 1775 984; x_wconf 79' lang='lat' dir='ltr'><strong>sunt.</strong></span> <span class='ocrx_word' id='word_1_97' title='bbox 1795 937 1926 993; x_wconf 88' lang='lat' dir='ltr'><strong>Quod</strong></span> <span class='ocrx_word' id='word_1_98' title='bbox 1991 937 1994 939; x_wconf 77' lang='grc'><strong>’</strong></span> 
     </span>
     <span class='ocr_line' id='line_1_12' title="bbox 320 1003 1925 1064; baseline 0.005 -17"><span class='ocrx_word' id='word_1_99' title='bbox 320 1003 357 1047; x_wconf 90' lang='lat' dir='ltr'><strong>si</strong></span> <span class='ocrx_word' id='word_1_100' title='bbox 386 1003 585 1050; x_wconf 84' lang='lat' dir='ltr'><strong>formalia</strong></span> <span class='ocrx_word' id='word_1_101' title='bbox 616 1006 750 1051; x_wconf 81' lang='lat' dir='ltr'><strong>duelli</strong></span> <span class='ocrx_word' id='word_1_102' title='bbox 782 1008 1004 1053; x_wconf 86' lang='lat' dir='ltr'><strong>servanda</strong></span> <span class='ocrx_word' id='word_1_103' title='bbox 1033 1014 1140 1053; x_wconf 89' lang='lat' dir='ltr'><strong>sunt</strong></span> <span class='ocrx_word' id='word_1_104' title='bbox 1172 1007 1323 1064; x_wconf 86' lang='lat' dir='ltr'><strong>(aliter</strong></span> <span class='ocrx_word' id='word_1_105' title='bbox 1353 1008 1474 1053; x_wconf 91' lang='lat' dir='ltr'><strong>enim</strong></span> <span class='ocrx_word' id='word_1_106' title='bbox 1505 1008 1707 1054; x_wconf 89' lang='lat' dir='ltr'><strong>duellum</strong></span> <span class='ocrx_word' id='word_1_107' title='bbox 1737 1020 1832 1055; x_wconf 90' lang='lat' dir='ltr'><strong>non</strong></span> <span class='ocrx_word' id='word_1_108' title='bbox 1855 1014 1925 1055; x_wconf 85' lang='lat' dir='ltr'><strong>es-</strong></span> 
     </span>
     <span class='ocr_line' id='line_1_13' title="bbox 320 1075 1926 1136; baseline 0.003 -16"><span class='ocrx_word' id='word_1_109' title='bbox 320 1077 425 1135; x_wconf 87' lang='lat' dir='ltr'><strong>set),</strong></span> <span class='ocrx_word' id='word_1_110' title='bbox 451 1075 641 1132; x_wconf 77' lang='lat' dir='ltr'><strong>Justitiae</strong></span> <span class='ocrx_word' id='word_1_111' title='bbox 666 1078 935 1124; x_wconf 87' lang='lat' dir='ltr'><strong>necessitate</strong></span> <span class='ocrx_word' id='word_1_112' title='bbox 968 1078 1021 1122; x_wconf 92' lang='lat' dir='ltr'><strong>de</strong></span> <span class='ocrx_word' id='word_1_113' title='bbox 1051 1080 1280 1124; x_wconf 89' lang='lat' dir='ltr'><strong>communi</strong></span> <span class='ocrx_word' id='word_1_114' title='bbox 1311 1090 1496 1125; x_wconf 86' lang='lat' dir='ltr'><strong>assensu</strong></span> <span class='ocrx_word' id='word_1_115' title='bbox 1533 1079 1791 1136; x_wconf 86' lang='lat' dir='ltr'><strong>congregati</strong></span> <span class='ocrx_word' id='word_1_116' title='bbox 1820 1091 1926 1136; x_wconf 89' lang='lat' dir='ltr'><strong>pro-</strong></span> 
     </span>
     <span class='ocr_line' id='line_1_14' title="bbox 319 1146 1924 1207; baseline 0.002 -15"><span class='ocrx_word' id='word_1_117' title='bbox 319 1151 422 1204; x_wconf 88' lang='lat' dir='ltr'><strong>pter</strong></span> <span class='ocrx_word' id='word_1_118' title='bbox 450 1148 601 1194; x_wconf 88' lang='lat' dir='ltr'><strong>zelum</strong></span> <span class='ocrx_word' id='word_1_119' title='bbox 626 1148 831 1205; x_wconf 86' lang='lat' dir='ltr'><strong>justitiae,</strong></span> <span class='ocrx_word' id='word_1_120' title='bbox 856 1161 1007 1195; x_wconf 89' lang='lat' dir='ltr'><strong>nonne</strong></span> <span class='ocrx_word' id='word_1_121' title='bbox 1032 1149 1079 1194; x_wconf 89' lang='lat' dir='ltr'><strong>in</strong></span> <span class='ocrx_word' id='word_1_122' title='bbox 1099 1150 1280 1195; x_wconf 90' lang='lat' dir='ltr'><strong>nomine</strong></span> <span class='ocrx_word' id='word_1_123' title='bbox 1307 1150 1386 1194; x_wconf 93' lang='lat' dir='ltr'><strong>Dei</strong></span> <span class='ocrx_word' id='word_1_124' title='bbox 1412 1146 1673 1207; x_wconf 85' lang='lat' dir='ltr'><strong>congregati</strong></span> <span class='ocrx_word' id='word_1_125' title='bbox 1701 1150 1840 1196; x_wconf 72' lang='lat' dir='ltr'><strong>sunt?</strong></span> <span class='ocrx_word' id='word_1_126' title='bbox 1864 1150 1924 1197; x_wconf 84' lang='lat' dir='ltr'><strong>Et</strong></span> 
     </span>
     <span class='ocr_line' id='line_1_15' title="bbox 318 1210 1946 1278; baseline 0.003 -15"><span class='ocrx_word' id='word_1_127' title='bbox 318 1218 354 1263; x_wconf 91' lang='lat' dir='ltr'><strong>si</strong></span> <span class='ocrx_word' id='word_1_128' title='bbox 386 1219 465 1274; x_wconf 88' lang='lat' dir='ltr'><strong>sic,</strong></span> <span class='ocrx_word' id='word_1_129' title='bbox 499 1232 648 1264; x_wconf 90' lang='lat' dir='ltr'><strong>nonne</strong></span> <span class='ocrx_word' id='word_1_130' title='bbox 682 1220 803 1264; x_wconf 90' lang='lat' dir='ltr'><strong>Deus</strong></span> <span class='ocrx_word' id='word_1_131' title='bbox 835 1219 878 1265; x_wconf 89' lang='lat' dir='ltr'><strong>in</strong></span> <span class='ocrx_word' id='word_1_132' title='bbox 911 1220 1057 1265; x_wconf 91' lang='lat' dir='ltr'><strong>medio</strong></span> <span class='ocrx_word' id='word_1_133' title='bbox 1086 1220 1265 1264; x_wconf 89' lang='lat' dir='ltr'><strong>illorum</strong></span> <span class='ocrx_word' id='word_1_134' title='bbox 1296 1226 1363 1266; x_wconf 89' lang='lat' dir='ltr'><strong>est</strong></span> <span class='ocrx_word' id='word_1_135' title='bbox 1382 1219 1405 1264; x_wconf 76' lang='lat'><strong>⁶?</strong></span> <span class='ocrx_word' id='word_1_136' title='bbox 1436 1232 1544 1266; x_wconf 91' lang='lat' dir='ltr'><strong>cum</strong></span> <span class='ocrx_word' id='word_1_137' title='bbox 1575 1221 1670 1278; x_wconf 90' lang='lat' dir='ltr'><strong>ipse</strong></span> <span class='ocrx_word' id='word_1_138' title='bbox 1699 1221 1746 1266; x_wconf 91' lang='lat' dir='ltr'><strong>in</strong></span> <span class='ocrx_word' id='word_1_139' title='bbox 1770 1210 1946 1268; x_wconf 49' lang='lat' dir='ltr'><strong>Evanq‘</strong></span> 
     </span>
     <span class='ocr_line' id='line_1_16' title="bbox 318 1293 1923 1350; baseline 0.002 -13"><span class='ocrx_word' id='word_1_140' title='bbox 318 1293 433 1348; x_wconf 88' lang='lat' dir='ltr'><strong>gelio</strong></span> <span class='ocrx_word' id='word_1_141' title='bbox 463 1293 592 1338; x_wconf 90' lang='lat' dir='ltr'><strong>nobis</strong></span> <span class='ocrx_word' id='word_1_142' title='bbox 620 1294 704 1338; x_wconf 88' lang='lat' dir='ltr'><strong>hoc</strong></span> <span class='ocrx_word' id='word_1_143' title='bbox 735 1294 984 1350; x_wconf 83' lang='lat' dir='ltr'><strong>promittat.</strong></span> <span class='ocrx_word' id='word_1_144' title='bbox 1018 1294 1076 1339; x_wconf 89' lang='lat' dir='ltr'><strong>Et</strong></span> <span class='ocrx_word' id='word_1_145' title='bbox 1106 1295 1143 1339; x_wconf 90' lang='lat' dir='ltr'><strong>si</strong></span> <span class='ocrx_word' id='word_1_146' title='bbox 1174 1294 1294 1340; x_wconf 92' lang='lat' dir='ltr'><strong>Deus</strong></span> <span class='ocrx_word' id='word_1_147' title='bbox 1324 1294 1466 1350; x_wconf 86' lang='lat' dir='ltr'><strong>adest,</strong></span> <span class='ocrx_word' id='word_1_148' title='bbox 1502 1306 1655 1340; x_wconf 89' lang='lat' dir='ltr'><strong>nonne</strong></span> <span class='ocrx_word' id='word_1_149' title='bbox 1684 1293 1809 1340; x_wconf 78' lang='lat' dir='ltr'><strong>nefas</strong></span> <span class='ocrx_word' id='word_1_150' title='bbox 1839 1299 1923 1348; x_wconf 72' lang='lat' dir='ltr'><strong>est5</strong></span> 
     </span>
     <span class='ocr_line' id='line_1_17' title="bbox 318 1364 1923 1424; baseline 0.002 -16"><span class='ocrx_word' id='word_1_151' title='bbox 318 1364 524 1410; x_wconf 89' lang='lat' dir='ltr'><strong>habendo</strong></span> <span class='ocrx_word' id='word_1_152' title='bbox 552 1364 774 1421; x_wconf 89' lang='lat' dir='ltr'><strong>justitiam</strong></span> <span class='ocrx_word' id='word_1_153' title='bbox 803 1367 1104 1412; x_wconf 78' lang='lat' dir='ltr'><strong>succumbere</strong></span> <span class='ocrx_word' id='word_1_154' title='bbox 1135 1366 1304 1424; x_wconf 65' lang='lat' dir='ltr'><strong>posse?</strong></span> <span class='ocrx_word' id='word_1_155' title='bbox 1341 1379 1477 1424; x_wconf 89' lang='lat' dir='ltr'><strong>quam</strong></span> <span class='ocrx_word' id='word_1_156' title='bbox 1516 1365 1612 1424; x_wconf 87' lang='lat' dir='ltr'><strong>ipse</strong></span> <span class='ocrx_word' id='word_1_157' title='bbox 1653 1366 1702 1412; x_wconf 92' lang='lat' dir='ltr'><strong>in</strong></span> <span class='ocrx_word' id='word_1_158' title='bbox 1743 1372 1923 1413; x_wconf 87' lang='lat' dir='ltr'><strong>tantum</strong></span> 
     </span>
     <span class='ocr_line' id='line_1_18' title="bbox 319 1432 1923 1496; baseline 0.002 -15"><span class='ocrx_word' id='word_1_159' title='bbox 319 1436 478 1493; x_wconf 85' lang='lat' dir='ltr'><strong>diligit,</strong></span> <span class='ocrx_word' id='word_1_160' title='bbox 510 1443 734 1494; x_wconf 90' lang='lat' dir='ltr'><strong>quantum</strong></span> <span class='ocrx_word' id='word_1_161' title='bbox 765 1437 974 1495; x_wconf 87' lang='lat' dir='ltr'><strong>superius</strong></span> <span class='ocrx_word' id='word_1_162' title='bbox 1005 1444 1300 1495; x_wconf 79' lang='lat' dir='ltr'><strong>praenotatur.</strong></span> <span class='ocrx_word' id='word_1_163' title='bbox 1333 1432 1392 1484; x_wconf 83' lang='lat' dir='ltr'><strong>Et</strong></span> <span class='ocrx_word' id='word_1_164' title='bbox 1422 1439 1459 1483; x_wconf 91' lang='lat' dir='ltr'><strong>si</strong></span> <span class='ocrx_word' id='word_1_165' title='bbox 1485 1438 1663 1496; x_wconf 79' lang='lat' dir='ltr'><strong>Justitia</strong></span> <span class='ocrx_word' id='word_1_166' title='bbox 1698 1439 1743 1484; x_wconf 90' lang='lat' dir='ltr'><strong>in</strong></span> <span class='ocrx_word' id='word_1_167' title='bbox 1775 1439 1923 1484; x_wconf 89' lang='lat' dir='ltr'><strong>duello</strong></span> 
     </span>
     <span class='ocr_line' id='line_1_19' title="bbox 317 1507 1922 1569; baseline 0.004 -17"><span class='ocrx_word' id='word_1_168' title='bbox 317 1509 619 1553; x_wconf 89' lang='lat' dir='ltr'><strong>succumbere</strong></span> <span class='ocrx_word' id='word_1_169' title='bbox 652 1507 827 1564; x_wconf 88' lang='lat' dir='ltr'><strong>nequit,</strong></span> <span class='ocrx_word' id='word_1_170' title='bbox 858 1520 1009 1553; x_wconf 87' lang='lat' dir='ltr'><strong>nonne</strong></span> <span class='ocrx_word' id='word_1_171' title='bbox 1043 1508 1097 1552; x_wconf 89' lang='lat' dir='ltr'><strong>de</strong></span> <span class='ocrx_word' id='word_1_172' title='bbox 1117 1508 1220 1564; x_wconf 90' lang='lat' dir='ltr'><strong>jure</strong></span> <span class='ocrx_word' id='word_1_173' title='bbox 1244 1509 1513 1566; x_wconf 84' lang='lat' dir='ltr'><strong>acquiritur,</strong></span> <span class='ocrx_word' id='word_1_174' title='bbox 1540 1512 1662 1568; x_wconf 88' lang='lat' dir='ltr'><strong>quod</strong></span> <span class='ocrx_word' id='word_1_175' title='bbox 1683 1523 1767 1569; x_wconf 89' lang='lat' dir='ltr'><strong>per</strong></span> <span class='ocrx_word' id='word_1_176' title='bbox 1796 1512 1922 1558; x_wconf 91' lang='lat' dir='ltr'><strong>duel-</strong></span> 
     </span>
     <span class='ocr_line' id='line_1_20' title="bbox 318 1578 1924 1636; baseline 0.004 -13"><span class='ocrx_word' id='word_1_177' title='bbox 318 1578 413 1623; x_wconf 91' lang='lat' dir='ltr'><strong>lum</strong></span> <span class='ocrx_word' id='word_1_178' title='bbox 443 1579 736 1636; x_wconf 62' lang='lat' dir='ltr'><strong>acquiritur?</strong></span> <span class='ocrx_word' id='word_1_179' title='bbox 766 1579 890 1625; x_wconf 91' lang='lat' dir='ltr'><strong>Hanc</strong></span> <span class='ocrx_word' id='word_1_180' title='bbox 922 1578 1165 1625; x_wconf 87' lang='lat' dir='ltr'><strong>veritatem</strong></span> <span class='ocrx_word' id='word_1_181' title='bbox 1204 1580 1340 1626; x_wconf 88' lang='lat' dir='ltr'><strong>etiam</strong></span> <span class='ocrx_word' id='word_1_182' title='bbox 1381 1580 1579 1627; x_wconf 87' lang='lat' dir='ltr'><strong>Gentiles</strong></span> <span class='ocrx_word' id='word_1_183' title='bbox 1617 1588 1723 1628; x_wconf 86' lang='lat' dir='ltr'><strong>ante</strong></span> <span class='ocrx_word' id='word_1_184' title='bbox 1767 1583 1924 1629; x_wconf 88' lang='lat' dir='ltr'><strong>tubam</strong></span> 
     </span>
     <span class='ocr_line' id='line_1_21' title="bbox 317 1648 1924 1710; baseline 0.002 -15"><span class='ocrx_word' id='word_1_185' title='bbox 317 1651 628 1707; x_wconf 85' lang='lat' dir='ltr'><strong>evangelicam</strong></span> <span class='ocrx_word' id='word_1_186' title='bbox 660 1651 983 1706; x_wconf 82' lang='lat' dir='ltr'><strong>agnoscebant,</strong></span> <span class='ocrx_word' id='word_1_187' title='bbox 1005 1661 1109 1695; x_wconf 91' lang='lat' dir='ltr'><strong>cum</strong></span> <span class='ocrx_word' id='word_1_188' title='bbox 1129 1649 1352 1706; x_wconf 85' lang='lat' dir='ltr'><strong>judicium</strong></span> <span class='ocrx_word' id='word_1_189' title='bbox 1375 1662 1399 1695; x_wconf 89' lang='lat' dir='ltr'><strong>a</strong></span> <span class='ocrx_word' id='word_1_190' title='bbox 1422 1650 1604 1697; x_wconf 84' lang='lat' dir='ltr'><strong>fortuna</strong></span> <span class='ocrx_word' id='word_1_191' title='bbox 1627 1648 1763 1697; x_wconf 86' lang='lat' dir='ltr'><strong>duelli</strong></span> <span class='ocrx_word' id='word_1_192' title='bbox 1787 1664 1924 1710; x_wconf 86' lang='lat' dir='ltr'><strong>quae-</strong></span> 
     </span>
     <span class='ocr_line' id='line_1_22' title="bbox 318 1720 1923 1782; baseline 0.005 -18"><span class='ocrx_word' id='word_1_193' title='bbox 318 1722 494 1766; x_wconf 85' lang='lat' dir='ltr'><strong>rebant.</strong></span> <span class='ocrx_word' id='word_1_194' title='bbox 520 1722 647 1767; x_wconf 89' lang='lat' dir='ltr'><strong>Unde</strong></span> <span class='ocrx_word' id='word_1_195' title='bbox 673 1722 787 1767; x_wconf 85' lang='lat' dir='ltr'><strong>bene</strong></span> <span class='ocrx_word' id='word_1_196' title='bbox 812 1721 1017 1778; x_wconf 86' lang='lat' dir='ltr'><strong>Pyrrhus</strong></span> <span class='ocrx_word' id='word_1_197' title='bbox 1043 1720 1113 1765; x_wconf 90' lang='lat' dir='ltr'><strong>ille</strong></span> <span class='ocrx_word' id='word_1_198' title='bbox 1140 1726 1231 1766; x_wconf 89' lang='lat' dir='ltr'><strong>tam</strong></span> <span class='ocrx_word' id='word_1_199' title='bbox 1246 1722 1447 1767; x_wconf 89' lang='lat' dir='ltr'><strong>moribus</strong></span> <span class='ocrx_word' id='word_1_200' title='bbox 1465 1722 1923 1782; x_wconf 84' lang='lat' dir='ltr'><strong>AEacidarum,quam</strong></span> 
     </span>
     <span class='ocr_line' id='line_1_23' title="bbox 316 1792 1922 1853; baseline 0.004 -17"><span class='ocrx_word' id='word_1_201' title='bbox 316 1793 534 1850; x_wconf 85' lang='lat' dir='ltr'><strong>sanguine</strong></span> <span class='ocrx_word' id='word_1_202' title='bbox 549 1805 809 1850; x_wconf 88' lang='lat' dir='ltr'><strong>generosus,</strong></span> <span class='ocrx_word' id='word_1_203' title='bbox 822 1805 927 1839; x_wconf 91' lang='lat' dir='ltr'><strong>cum</strong></span> <span class='ocrx_word' id='word_1_204' title='bbox 946 1792 1075 1849; x_wconf 84' lang='lat' dir='ltr'><strong>legati</strong></span> <span class='ocrx_word' id='word_1_205' title='bbox 1089 1793 1395 1839; x_wconf 86' lang='lat' dir='ltr'><strong>Romanorum</strong></span> <span class='ocrx_word' id='word_1_206' title='bbox 1408 1805 1490 1851; x_wconf 91' lang='lat' dir='ltr'><strong>pro</strong></span> <span class='ocrx_word' id='word_1_207' title='bbox 1501 1793 1773 1841; x_wconf 87' lang='lat' dir='ltr'><strong>redimendis</strong></span> <span class='ocrx_word' id='word_1_208' title='bbox 1783 1796 1922 1853; x_wconf 85' lang='lat' dir='ltr'><strong>capti-</strong></span> 
     </span>
     <span class='ocr_line' id='line_1_24' title="bbox 320 1866 1924 1925; baseline 0.001 -12"><span class='ocrx_word' id='word_1_209' title='bbox 320 1866 388 1913; x_wconf 89' lang='lat' dir='ltr'><strong>vis</strong></span> <span class='ocrx_word' id='word_1_210' title='bbox 409 1867 466 1913; x_wconf 87' lang='lat' dir='ltr'><strong>ad</strong></span> <span class='ocrx_word' id='word_1_211' title='bbox 491 1866 617 1911; x_wconf 87' lang='lat' dir='ltr'><strong>illum</strong></span> <span class='ocrx_word' id='word_1_212' title='bbox 637 1866 760 1912; x_wconf 88' lang='lat' dir='ltr'><strong>missi</strong></span> <span class='ocrx_word' id='word_1_213' title='bbox 779 1866 983 1920; x_wconf 85' lang='lat' dir='ltr'><strong>fuerunt,</strong></span> <span class='ocrx_word' id='word_1_214' title='bbox 1005 1866 1235 1923; x_wconf 90' lang='lat' dir='ltr'><strong>respondit</strong></span> <span class='ocrx_word' id='word_1_215' title='bbox 1255 1880 1265 1911; x_wconf 89' lang='lat'><strong>:</strong></span> <span class='ocrx_word' id='word_1_216' title='bbox 1288 1870 1381 1914; x_wconf 82' lang='lat' dir='ltr'><strong>Nee</strong></span> <span class='ocrx_word' id='word_1_217' title='bbox 1400 1868 1465 1913; x_wconf 79' lang='lat' dir='ltr'><strong>mi</strong></span> <span class='ocrx_word' id='word_1_218' title='bbox 1488 1880 1658 1914; x_wconf 79' lang='lat' dir='ltr'><strong>aurum</strong></span> <span class='ocrx_word' id='word_1_219' title='bbox 1677 1881 1820 1925; x_wconf 79' lang='lat' dir='ltr'><strong>posce,</strong></span> <span class='ocrx_word' id='word_1_220' title='bbox 1842 1881 1924 1915; x_wconf 77' lang='lat' dir='ltr'><strong>nee</strong></span> 
     </span>
     <span class='ocr_line' id='line_1_25' title="bbox 314 1938 1922 2000; baseline 0.001 -16"><span class='ocrx_word' id='word_1_221' title='bbox 314 1941 379 1985; x_wconf 75' lang='lat' dir='ltr'><strong>‘mi</strong></span> <span class='ocrx_word' id='word_1_222' title='bbox 392 1941 593 1996; x_wconf 71' lang='lat' dir='ltr'><strong>pretium</strong></span> <span class='ocrx_word' id='word_1_223' title='bbox 609 1939 848 1991; x_wconf 72' lang='lat' dir='ltr'><strong>dederit2‘35</strong></span> <span class='ocrx_word' id='word_1_224' title='bbox 871 1951 961 1983; x_wconf 74' lang='lat' dir='ltr'><strong>non</strong></span> <span class='ocrx_word' id='word_1_225' title='bbox 983 1943 1286 1995; x_wconf 74' lang='lat' dir='ltr'><strong>cauponantes</strong></span> <span class='ocrx_word' id='word_1_226' title='bbox 1306 1939 1484 1993; x_wconf 80' lang='lat' dir='ltr'><strong>bellum,</strong></span> <span class='ocrx_word' id='word_1_227' title='bbox 1501 1938 1577 1984; x_wconf 83' lang='lat' dir='ltr'><strong>sed</strong></span> <span class='ocrx_word' id='word_1_228' title='bbox 1595 1939 1922 2000; x_wconf 39' lang='lat' dir='ltr'><strong>belliqerantest</strong></span> 
     </span>
     <span class='ocr_line' id='line_1_26' title="bbox 315 2012 1920 2070; baseline 0 -13"><span class='ocrx_word' id='word_1_229' title='bbox 315 2013 478 2067; x_wconf 84' lang='lat' dir='ltr'><strong>Ferro,</strong></span> <span class='ocrx_word' id='word_1_230' title='bbox 516 2025 606 2057; x_wconf 73' lang='lat' dir='ltr'><strong>iton</strong></span> <span class='ocrx_word' id='word_1_231' title='bbox 632 2025 748 2058; x_wconf 81' lang='lat' dir='ltr'><strong>auro</strong></span> <span class='ocrx_word' id='word_1_232' title='bbox 774 2015 914 2058; x_wconf 80' lang='lat' dir='ltr'><strong>vitam</strong></span> <span class='ocrx_word' id='word_1_233' title='bbox 945 2025 1184 2057; x_wconf 72' lang='lat' dir='ltr'><strong>cernamus</strong></span> <span class='ocrx_word' id='word_1_234' title='bbox 1214 2013 1405 2070; x_wconf 79' lang='lat' dir='ltr'><strong>utrique,</strong></span> <span class='ocrx_word' id='word_1_235' title='bbox 1440 2024 1571 2057; x_wconf 79' lang='lat' dir='ltr'><strong>vosne</strong></span> <span class='ocrx_word' id='word_1_236' title='bbox 1597 2012 1716 2068; x_wconf 76' lang='lat' dir='ltr'><strong>velit,</strong></span> <span class='ocrx_word' id='word_1_237' title='bbox 1743 2025 1806 2059; x_wconf 80' lang='lat' dir='ltr'><strong>an</strong></span> <span class='ocrx_word' id='word_1_238' title='bbox 1835 2026 1920 2069; x_wconf 81' lang='lat' dir='ltr'><strong>me,</strong></span> 
     </span>
     <span class='ocr_line' id='line_1_27' title="bbox 315 2086 1920 2143; baseline 0.001 -12"><span class='ocrx_word' id='word_1_239' title='bbox 315 2097 512 2143; x_wconf 74' lang='lat' dir='ltr'><strong>reqnare</strong></span> <span class='ocrx_word' id='word_1_240' title='bbox 542 2086 697 2130; x_wconf 77' lang='lat' dir='ltr'><strong>Hera:</strong></span> <span class='ocrx_word' id='word_1_241' title='bbox 734 2086 894 2143; x_wconf 79' lang='lat' dir='ltr'><strong>quidve</strong></span> <span class='ocrx_word' id='word_1_242' title='bbox 923 2088 1044 2142; x_wconf 83' lang='lat' dir='ltr'><strong>serat</strong></span> <span class='ocrx_word' id='word_1_243' title='bbox 1074 2097 1184 2137; x_wconf 74' lang='lat' dir='ltr'><strong>sors,</strong></span> <span class='ocrx_word' id='word_1_244' title='bbox 1226 2087 1391 2130; x_wconf 76' lang='lat' dir='ltr'><strong>virtute</strong></span> <span class='ocrx_word' id='word_1_245' title='bbox 1419 2086 1724 2142; x_wconf 74' lang='lat' dir='ltr'><strong>eoeperiamus.</strong></span> <span class='ocrx_word' id='word_1_246' title='bbox 1752 2086 1812 2131; x_wconf 85' lang='lat' dir='ltr'><strong>Et</strong></span> <span class='ocrx_word' id='word_1_247' title='bbox 1839 2087 1920 2133; x_wconf 83' lang='lat' dir='ltr'><strong>hoe</strong></span> 
     </span>
     <span class='ocr_line' id='line_1_28' title="bbox 315 2156 1918 2214; baseline -0.001 -12"><span class='ocrx_word' id='word_1_248' title='bbox 315 2158 455 2202; x_wconf 80' lang='lat' dir='ltr'><strong>simul</strong></span> <span class='ocrx_word' id='word_1_249' title='bbox 496 2158 652 2212; x_wconf 76' lang='lat' dir='ltr'><strong>accipe</strong></span> <span class='ocrx_word' id='word_1_250' title='bbox 682 2157 875 2202; x_wconf 76' lang='lat' dir='ltr'><strong>dietum:</strong></span> <span class='ocrx_word' id='word_1_251' title='bbox 914 2157 1115 2210; x_wconf 66' lang='lat' dir='ltr'><strong>Quorum-</strong></span> <span class='ocrx_word' id='word_1_252' title='bbox 1151 2157 1314 2200; x_wconf 72' lang='lat' dir='ltr'><strong>virtuti</strong></span> <span class='ocrx_word' id='word_1_253' title='bbox 1352 2156 1458 2201; x_wconf 84' lang='lat' dir='ltr'><strong>belli</strong></span> <span class='ocrx_word' id='word_1_254' title='bbox 1494 2157 1680 2213; x_wconf 80' lang='lat' dir='ltr'><strong>fortuna</strong></span> <span class='ocrx_word' id='word_1_255' title='bbox 1703 2159 1918 2214; x_wconf 81' lang='lat' dir='ltr'><strong>pepercit,</strong></span> 
     </span>
     <span class='ocr_line' id='line_1_29' title="bbox 312 2223 1915 2288; baseline 0.001 -14"><span class='ocrx_word' id='word_1_256' title='bbox 312 2229 561 2275; x_wconf 83' lang='lat' dir='ltr'><strong>horundem</strong></span> <span class='ocrx_word' id='word_1_257' title='bbox 585 2242 654 2274; x_wconf 83' lang='lat' dir='ltr'><strong>me</strong></span> <span class='ocrx_word' id='word_1_258' title='bbox 683 2230 884 2275; x_wconf 65' lang='lat' dir='ltr'><strong>i‘c&#39;bertatt&#39;</strong></span> <span class='ocrx_word' id='word_1_259' title='bbox 908 2242 1100 2286; x_wconf 66' lang='lat' dir='ltr'><strong>parc-ere</strong></span> <span class='ocrx_word' id='word_1_260' title='bbox 1124 2232 1295 2274; x_wconf 71' lang='lat' dir='ltr'><strong>eertum</strong></span> <span class='ocrx_word' id='word_1_261' title='bbox 1318 2231 1391 2273; x_wconf 79' lang='lat' dir='ltr'><strong>est.</strong></span> <span class='ocrx_word' id='word_1_262' title='bbox 1425 2229 1553 2274; x_wconf 82' lang='lat' dir='ltr'><strong>Dono</strong></span> <span class='ocrx_word' id='word_1_263' title='bbox 1587 2227 1749 2284; x_wconf 82' lang='lat' dir='ltr'><strong>ducite,</strong></span> <span class='ocrx_word' id='word_1_264' title='bbox 1779 2223 1915 2288; x_wconf 77' lang='lat' dir='ltr'><strong>doque</strong></span> 
     </span>
     <span class='ocr_line' id='line_1_30' title="bbox 311 2298 1915 2358; baseline 0.001 -12"><span class='ocrx_word' id='word_1_265' title='bbox 311 2301 556 2346; x_wconf 72' lang='lat' dir='ltr'><strong>volentibus</strong></span> <span class='ocrx_word' id='word_1_266' title='bbox 581 2314 683 2346; x_wconf 80' lang='lat' dir='ltr'><strong>oum</strong></span> <span class='ocrx_word' id='word_1_267' title='bbox 707 2302 885 2358; x_wconf 60' lang='lat' dir='ltr'><strong>magmis</strong></span> <span class='ocrx_word' id='word_1_268' title='bbox 909 2300 1012 2345; x_wconf 76' lang='lat' dir='ltr'><strong>diis,</strong></span> <span class='ocrx_word' id='word_1_269' title='bbox 1044 2299 1151 2345; x_wconf 84' lang='lat' dir='ltr'><strong>Haec</strong></span> <span class='ocrx_word' id='word_1_270' title='bbox 1176 2299 1394 2357; x_wconf 67' lang='lat' dir='ltr'><strong>Pyrrhus</strong></span> <span class='ocrx_word' id='word_1_271' title='bbox 1420 2299 1585 2347; x_wconf 89' lang='lat' dir='ltr'><strong>Heram</strong></span> <span class='ocrx_word' id='word_1_272' title='bbox 1610 2298 1801 2348; x_wconf 86' lang='lat' dir='ltr'><strong>vocabat</strong></span> <span class='ocrx_word' id='word_1_273' title='bbox 1825 2301 1915 2347; x_wconf 82' lang='lat' dir='ltr'><strong>for-</strong></span> 
     </span>
     <span class='ocr_line' id='line_1_31' title="bbox 313 2373 1915 2432; baseline -0.001 -12"><span class='ocrx_word' id='word_1_274' title='bbox 313 2379 486 2429; x_wconf 88' lang='lat' dir='ltr'><strong>tunam,</strong></span> <span class='ocrx_word' id='word_1_275' title='bbox 518 2385 655 2430; x_wconf 89' lang='lat' dir='ltr'><strong>quam</strong></span> <span class='ocrx_word' id='word_1_276' title='bbox 687 2385 868 2419; x_wconf 84' lang='lat' dir='ltr'><strong>causam</strong></span> <span class='ocrx_word' id='word_1_277' title='bbox 897 2373 1058 2418; x_wconf 72' lang='lat' dir='ltr'><strong>melius</strong></span> <span class='ocrx_word' id='word_1_278' title='bbox 1099 2379 1144 2419; x_wconf 87' lang='lat' dir='ltr'><strong>et</strong></span> <span class='ocrx_word' id='word_1_279' title='bbox 1183 2373 1356 2419; x_wconf 85' lang='lat' dir='ltr'><strong>rectius</strong></span> <span class='ocrx_word' id='word_1_280' title='bbox 1390 2385 1474 2420; x_wconf 90' lang='lat' dir='ltr'><strong>nos</strong></span> <span class='ocrx_word' id='word_1_281' title='bbox 1513 2373 1713 2421; x_wconf 87' lang='lat' dir='ltr'><strong>divinam</strong></span> <span class='ocrx_word' id='word_1_282' title='bbox 1759 2374 1915 2432; x_wconf 85' lang='lat' dir='ltr'><strong>provi-</strong></span> 
     </span>
     <span class='ocr_line' id='line_1_32' title="bbox 312 2446 1910 2504; baseline 0 -12"><span class='ocrx_word' id='word_1_283' title='bbox 312 2448 511 2494; x_wconf 89' lang='lat' dir='ltr'><strong>dentiam</strong></span> <span class='ocrx_word' id='word_1_284' title='bbox 547 2447 834 2504; x_wconf 73' lang='lat' dir='ltr'><strong>appellamus.</strong></span> <span class='ocrx_word' id='word_1_285' title='bbox 878 2447 1002 2492; x_wconf 89' lang='lat' dir='ltr'><strong>Unde</strong></span> <span class='ocrx_word' id='word_1_286' title='bbox 1033 2451 1224 2493; x_wconf 77' lang='lat' dir='ltr'><strong>ceveant</strong></span> <span class='ocrx_word' id='word_1_287' title='bbox 1254 2447 1443 2504; x_wconf 85' lang='lat' dir='ltr'><strong>pugileS,</strong></span> <span class='ocrx_word' id='word_1_288' title='bbox 1477 2458 1537 2494; x_wconf 86' lang='lat' dir='ltr'><strong>ne</strong></span> <span class='ocrx_word' id='word_1_289' title='bbox 1566 2446 1713 2504; x_wconf 88' lang='lat' dir='ltr'><strong>pretio</strong></span> <span class='ocrx_word' id='word_1_290' title='bbox 1743 2446 1910 2492; x_wconf 90' lang='lat' dir='ltr'><strong>consti-</strong></span> 
     </span>
     <span class='ocr_line' id='line_1_33' title="bbox 312 2518 1915 2577; baseline -0.001 -12"><span class='ocrx_word' id='word_1_291' title='bbox 312 2525 444 2566; x_wconf 89' lang='lat' dir='ltr'><strong>tuant</strong></span> <span class='ocrx_word' id='word_1_292' title='bbox 474 2519 557 2564; x_wconf 90' lang='lat' dir='ltr'><strong>sibi</strong></span> <span class='ocrx_word' id='word_1_293' title='bbox 583 2530 813 2565; x_wconf 83' lang='lat' dir='ltr'><strong>caussam:</strong></span> <span class='ocrx_word' id='word_1_294' title='bbox 840 2520 943 2577; x_wconf 62' lang='lat' dir='ltr'><strong>[juia</strong></span> <span class='ocrx_word' id='word_1_295' title='bbox 970 2532 1061 2565; x_wconf 80' lang='lat' dir='ltr'><strong>non</strong></span> <span class='ocrx_word' id='word_1_296' title='bbox 1082 2525 1194 2566; x_wconf 83' lang='lat' dir='ltr'><strong>tunc</strong></span> <span class='ocrx_word' id='word_1_297' title='bbox 1220 2520 1436 2573; x_wconf 80' lang='lat' dir='ltr'><strong>duellum,</strong></span> <span class='ocrx_word' id='word_1_298' title='bbox 1461 2519 1542 2565; x_wconf 85' lang='lat' dir='ltr'><strong>sed</strong></span> <span class='ocrx_word' id='word_1_299' title='bbox 1562 2519 1709 2566; x_wconf 83' lang='lat' dir='ltr'><strong>forum</strong></span> <span class='ocrx_word' id='word_1_300' title='bbox 1734 2518 1915 2576; x_wconf 70' lang='lat' dir='ltr'><strong>sangui-</strong></span> 
     </span>
     <span class='ocr_line' id='line_1_34' title="bbox 310 2589 1914 2647; baseline 0.001 -11"><span class='ocrx_word' id='word_1_301' title='bbox 310 2590 380 2636; x_wconf 88' lang='lat' dir='ltr'><strong>nis</strong></span> <span class='ocrx_word' id='word_1_302' title='bbox 404 2595 450 2636; x_wconf 93' lang='lat' dir='ltr'><strong>et</strong></span> <span class='ocrx_word' id='word_1_303' title='bbox 474 2589 707 2647; x_wconf 83' lang='lat' dir='ltr'><strong>inJ&#39;ustitiae</strong></span> <span class='ocrx_word' id='word_1_304' title='bbox 734 2589 977 2635; x_wconf 89' lang='lat' dir='ltr'><strong>dicendum</strong></span> <span class='ocrx_word' id='word_1_305' title='bbox 1002 2597 1150 2636; x_wconf 84' lang='lat' dir='ltr'><strong>esset:</strong></span> <span class='ocrx_word' id='word_1_306' title='bbox 1182 2603 1268 2637; x_wconf 92' lang='lat' dir='ltr'><strong>nec</strong></span> <span class='ocrx_word' id='word_1_307' title='bbox 1300 2597 1412 2637; x_wconf 88' lang='lat' dir='ltr'><strong>tunc</strong></span> <span class='ocrx_word' id='word_1_308' title='bbox 1433 2591 1604 2637; x_wconf 88' lang='lat' dir='ltr'><strong>arbiter</strong></span> <span class='ocrx_word' id='word_1_309' title='bbox 1619 2591 1742 2639; x_wconf 87' lang='lat' dir='ltr'><strong>Deus</strong></span> <span class='ocrx_word' id='word_1_310' title='bbox 1757 2592 1914 2638; x_wconf 87' lang='lat' dir='ltr'><strong>adesse</strong></span> 
     </span>
     <span class='ocr_line' id='line_1_35' title="bbox 308 2660 1910 2723; baseline 0.004 -16"><span class='ocrx_word' id='word_1_311' title='bbox 308 2662 541 2718; x_wconf 83' lang='lat' dir='ltr'><strong>credatur,</strong></span> <span class='ocrx_word' id='word_1_312' title='bbox 580 2661 660 2707; x_wconf 90' lang='lat' dir='ltr'><strong>sed</strong></span> <span class='ocrx_word' id='word_1_313' title='bbox 703 2660 776 2706; x_wconf 90' lang='lat' dir='ltr'><strong>ille</strong></span> <span class='ocrx_word' id='word_1_314' title='bbox 803 2660 1017 2718; x_wconf 80' lang='lat' dir='ltr'><strong>antiquus</strong></span> <span class='ocrx_word' id='word_1_315' title='bbox 1053 2662 1208 2718; x_wconf 81' lang='lat' dir='ltr'><strong>hostiS,</strong></span> <span class='ocrx_word' id='word_1_316' title='bbox 1252 2662 1331 2720; x_wconf 85' lang='lat' dir='ltr'><strong>qui</strong></span> <span class='ocrx_word' id='word_1_317' title='bbox 1372 2663 1499 2720; x_wconf 89' lang='lat' dir='ltr'><strong>litigii</strong></span> <span class='ocrx_word' id='word_1_318' title='bbox 1533 2664 1681 2710; x_wconf 82' lang='lat' dir='ltr'><strong>fuerat</strong></span> <span class='ocrx_word' id='word_1_319' title='bbox 1726 2678 1910 2723; x_wconf 91' lang='lat' dir='ltr'><strong>persua-</strong></span> 
     </span>
     <span class='ocr_line' id='line_1_36' title="bbox 309 2734 1911 2795; baseline 0.002 -14"><span class='ocrx_word' id='word_1_320' title='bbox 309 2748 395 2781; x_wconf 87' lang='lat' dir='ltr'><strong>sor.</strong></span> <span class='ocrx_word' id='word_1_321' title='bbox 429 2736 630 2782; x_wconf 90' lang='lat' dir='ltr'><strong>Habeant</strong></span> <span class='ocrx_word' id='word_1_322' title='bbox 669 2746 862 2792; x_wconf 87' lang='lat' dir='ltr'><strong>semper,</strong></span> <span class='ocrx_word' id='word_1_323' title='bbox 900 2734 936 2779; x_wconf 93' lang='lat' dir='ltr'><strong>si</strong></span> <span class='ocrx_word' id='word_1_324' title='bbox 968 2735 1214 2780; x_wconf 89' lang='lat' dir='ltr'><strong>duelliones</strong></span> <span class='ocrx_word' id='word_1_325' title='bbox 1253 2747 1350 2781; x_wconf 89' lang='lat' dir='ltr'><strong>esse</strong></span> <span class='ocrx_word' id='word_1_326' title='bbox 1389 2736 1566 2793; x_wconf 89' lang='lat' dir='ltr'><strong>volunt,</strong></span> <span class='ocrx_word' id='word_1_327' title='bbox 1606 2749 1700 2783; x_wconf 93' lang='lat' dir='ltr'><strong>non</strong></span> <span class='ocrx_word' id='word_1_328' title='bbox 1729 2739 1911 2795; x_wconf 87' lang='lat' dir='ltr'><strong>sangui-</strong></span> 
     </span>
     <span class='ocr_line' id='line_1_37' title="bbox 309 2805 1912 2868; baseline 0.002 -17"><span class='ocrx_word' id='word_1_329' title='bbox 309 2807 379 2868; x_wconf 85' lang='lat' dir='ltr'><strong>nis</strong></span> <span class='ocrx_word' id='word_1_330' title='bbox 408 2813 454 2854; x_wconf 82' lang='lat' dir='ltr'><strong>et</strong></span> <span class='ocrx_word' id='word_1_331' title='bbox 496 2805 729 2864; x_wconf 84' lang='lat' dir='ltr'><strong>injustitiae</strong></span> <span class='ocrx_word' id='word_1_332' title='bbox 776 2810 1064 2861; x_wconf 79' lang='lat' dir='ltr'><strong>mercatoreS‚</strong></span> <span class='ocrx_word' id='word_1_333' title='bbox 1099 2805 1145 2851; x_wconf 93' lang='lat' dir='ltr'><strong>in</strong></span> <span class='ocrx_word' id='word_1_334' title='bbox 1185 2806 1301 2856; x_wconf 83' lang='lat' dir='ltr'><strong>ostio</strong></span> <span class='ocrx_word' id='word_1_335' title='bbox 1335 2806 1573 2865; x_wconf 86' lang='lat' dir='ltr'><strong>palaestrae,</strong></span> <span class='ocrx_word' id='word_1_336' title='bbox 1612 2813 1720 2855; x_wconf 85' lang='lat' dir='ltr'><strong>ante</strong></span> <span class='ocrx_word' id='word_1_337' title='bbox 1755 2810 1912 2855; x_wconf 86' lang='lat' dir='ltr'><strong>oculos</strong></span> 
     </span>
     <span class='ocr_line' id='line_1_38' title="bbox 305 2877 1916 2949; baseline 0 -23"><span class='ocrx_word' id='word_1_338' title='bbox 305 2879 552 2945; x_wconf 59' lang='lat' dir='ltr'><strong>Pyrrhugn,</strong></span> <span class='ocrx_word' id='word_1_339' title='bbox 582 2878 661 2937; x_wconf 87' lang='lat' dir='ltr'><strong>qui</strong></span> <span class='ocrx_word' id='word_1_340' title='bbox 684 2889 767 2936; x_wconf 89' lang='lat' dir='ltr'><strong>pro</strong></span> <span class='ocrx_word' id='word_1_341' title='bbox 796 2877 987 2936; x_wconf 88' lang='lat' dir='ltr'><strong>imperio</strong></span> <span class='ocrx_word' id='word_1_342' title='bbox 1017 2877 1291 2925; x_wconf 89' lang='lat' dir='ltr'><strong>decertando</strong></span> <span class='ocrx_word' id='word_1_343' title='bbox 1319 2877 1386 2924; x_wconf 86' lang='lat' dir='ltr'><strong>sic</strong></span> <span class='ocrx_word' id='word_1_344' title='bbox 1415 2889 1580 2926; x_wconf 75' lang='lat' dir='ltr'><strong>aurum¹</strong></span> <span class='ocrx_word' id='word_1_345' title='bbox 1599 2878 1916 2949; x_wconf 61' lang='lat' dir='ltr'><strong>despiciebat,¹</strong></span> 
     </span>
    </p>
   </div>
   <div class='ocr_carea' id='block_1_3' title="bbox 1982 0 2054 191">
    <p class='ocr_par' dir='ltr' id='par_1_3' title="bbox 1982 0 2054 191">
     <span class='ocr_line' id='line_1_39' title="bbox 1982 0 2054 191; baseline 0 3071"><span class='ocrx_word' id='word_1_346' title='bbox 1982 0 2054 191; x_wconf 95' lang='lat' dir='ltr'><strong> </strong></span> 
     </span>
    </p>
   </div>
  </div>
 </body>
</html>
