2054 3262
227 125 315 170 >192
862 131 1007 168 LIBER
1036 131 1231 169 PmMUS.

233 229 488 286 palatinum
518 228 669 274 foret:
712 239 820 272 nam
850 227 888 272 si
918 227 1020 272 aula
1053 225 1195 273 totius
1229 227 1361 284 regni
1401 229 1659 276 communis
1690 235 1760 276 est
1791 230 1864 276 do-

231 314 353 358 mUS,
380 307 426 347 et
453 301 661 347 omnium
682 301 813 358 regni
839 300 1044 358 partium
1068 301 1374 359 gubernatrix
1397 308 1610 360 augusta,
1643 303 1871 362 quicquid

235 374 325 419 tale
351 379 437 430 est,
463 378 517 419 ut
544 373 758 419 omnibus
788 374 847 419 sit
880 385 1145 431 commune,
1177 386 1266 420 nec
1298 375 1541 432 proprium
1571 375 1669 432 ulli,
1702 388 1872 424 conve·

234 449 367 494 niens
398 453 485 504 est,
517 452 570 493 ut
595 447 644 492 in
670 459 721 493 ea
746 452 1069 504 conversetur,
1104 452 1150 493 et
1180 446 1355 493 habitet
1372 460 1387 504 3
1420 459 1508 493 nec
1537 447 1722 506 aliquod
1751 447 1876 494 aliud

237 521 550 568 habitaculum
580 526 710 567 tanto
746 521 937 578 dignum
969 527 1038 567 est
1069 521 1321 567 habitante.
1363 521 1459 566 Hoc
1489 533 1657 579 nempe
1686 521 1875 568 videtur

238 606 339 640 esse
364 594 426 651 id,
455 595 510 640 de
537 607 629 652 quo
654 594 907 652 loquimur,
933 595 1127 652 vulgare
1143 609 1158 652 3
1192 600 1238 640 et
1268 595 1378 640 hinc
1411 599 1496 650 est,
1523 594 1648 652 quod
1668 593 1718 639 in
1742 593 1877 650 regiis

238 667 454 713 omnihus
481 672 830 723 conversantes,
856 678 1039 725 semper
1066 666 1233 712 illustri
1257 667 1439 733 Vulgari
1465 667 1735 725 loquuntur.
1761 665 1879 712 Hinc

239 739 380 786 etiam
405 743 491 795 est,
524 738 650 796 quod
673 743 885 784 nostrum
913 738 1092 784 illustre
1116 739 1249 785 velut
1281 739 1435 785 accola
1460 738 1800 797 peregrinatur,
1831 744 1879 784 et

241 813 288 862 in
317 813 566 859 humilibus
596 812 858 871 hospitatur
882 813 1035 871 asyliS,
1071 825 1179 858 cum
1210 813 1313 858 aula
1349 825 1583 860 vacemus,
1626 813 1708 859 Est
1742 813 1881 859 etiam

239 888 406 935 merito
443 887 615 934 curiale
646 887 912 943 dicendum,
955 887 1062 944 quia
1100 886 1335 933 curialitas
1371 887 1435 932 nil
1475 887 1598 933 aliud
1629 892 1715 944 est,
1741 899 1882 946 quam

241 962 406 1008 librata
445 963 604 1019 regula
637 965 816 1019 eorum,
850 975 956 1021 quae
990 963 1247 1021 peragenda
1289 968 1432 1019 sunt,
1474 968 1521 1008 et
1561 962 1669 1021 quia
1709 967 1881 1008 statera

241 1037 503 1095 hujusmodi
545 1037 800 1083 librationis
846 1042 1030 1083 tantum
1068 1036 1116 1082 in
1157 1037 1558 1083 excellentissimis
1604 1036 1746 1083 curiis
1784 1047 1883 1082 esse

236 1110 375 1166 solet,
401 1109 509 1155 hinc
534 1115 604 1156 est
631 1109 756 1168 quod
786 1109 1010 1168 quicquid
1035 1110 1083 1154 in
1114 1109 1294 1156 actibus
1319 1109 1488 1155 nostris
1519 1109 1636 1155 hene
1666 1108 1885 1154 libratum

244 1189 331 1239 est,
358 1183 530 1229 ourIaIe
562 1180 778 1228 dicatur.1
810 1182 939 1228 Unde
973 1193 1081 1228 cum
1113 1182 1238 1227 istud
1262 1181 1310 1227 in
1335 1181 1724 1228 excellentissima
1754 1181 1887 1228 Italo·

243 1268 350 1302 rum
379 1256 507 1303 curia
532 1256 590 1301 sit
615 1256 851 1312 libratum,
882 1256 973 1302 dici
1006 1255 1177 1302 curiale
1203 1261 1424 1302 meretur.
1456 1256 1544 1301 Sed
1575 1256 1731 1302 dicere
1762 1257 1888 1315 quod

245 1330 294 1376 in
319 1331 703 1377 excellentissima
726 1331 948 1378 Italorum
975 1332 1103 1378 curia
1127 1332 1185 1379 sit
1210 1332 1447 1389 libratum,
1470 1332 1662 1380 videtur
1682 1331 1886 1389 nugatiO,

242 1415 359 1448 cum
386 1404 516 1448 curia
542 1415 809 1449 careamus:
847 1405 905 1449 ad
945 1404 1070 1462 quod
1107 1404 1238 1451 facile
1278 1404 1602 1462 respondetur,
1634 1403 1749 1450 Nam
1778 1403 1887 1450 licet

247 1475 377 1521 curia
410 1474 693 1535 (secundum
723 1476 849 1534 quod
879 1476 1019 1523 unica
1049 1476 1294 1534 accipitur,
1320 1482 1375 1522 ut
1401 1477 1529 1523 curia
1560 1477 1682 1534 regis
1711 1475 1888 1522 Alama-

249 1549 362 1610 niae)
388 1549 436 1594 in
461 1549 585 1594 Italia
620 1562 714 1594 non
745 1551 821 1606 sit,
847 1551 1054 1596 membra
1086 1556 1242 1596 tamen
1267 1549 1364 1607 ejus
1394 1561 1488 1595 non
1519 1550 1716 1596 desunt:
1751 1556 1798 1596 et
1828 1550 1887 1596 si-

246 1628 331 1669 cut
358 1622 566 1667 membra
597 1621 718 1668 illius
749 1635 842 1669 uno
864 1623 1073 1681 principe
1106 1623 1355 1677 uniuntur,
1386 1622 1453 1669 sic
1483 1624 1691 1669 membra
1718 1623 1889 1682 hujus²

252 1698 452 1757 gratioso
477 1697 654 1744 lumine
678 1698 871 1744 rationis
896 1699 1025 1744 unita
1051 1704 1161 1744 sunt
1181 1713 1189 1744 :
1223 1711 1366 1757 quare
1390 1697 1554 1744 falsum
1579 1703 1697 1744 esset
1719 1698 1889 1755 dicere,

252 1770 383 1816 curia
419 1778 576 1815 carere
607 1768 757 1824 Italos,
798 1779 1079 1826 quamquam
1119 1768 1328 1826 principe
1365 1779 1632 1825 careamus3
1670 1768 1888 1826 quoniam
1957 1786 1959 1788 ·

255 1842 432 1888 curiam
457 1843 695 1900 habemUS,
722 1841 833 1887 licet
861 1841 1162 1900 corporaliter
1186 1841 1245 1888 sit
1272 1842 1487 1900 dispersa.

887 2254 893 2259 '
928 2250 1092 2298 CAPUT
1125 2251 1229 2297 XIX.

262 2402 367 2449 Quod
398 2401 579 2439 idiomata
609 2399 740 2438 italica
769 2399 815 2437 ad
844 2412 961 2438 unum
990 2399 1242 2448 reducuntur,
1269 2403 1306 2435 et
1332 2397 1428 2436 illud
1458 2396 1680 2447 appellatur
1716 2395 1894 2433 latinum.

349 2511 446 2557 Hoc
471 2516 629 2556 autem
653 2510 863 2566 vulgare,
890 2509 1015 2569 quod
1045 2508 1240 2565 illustre,
1275 2506 1518 2563 cardinale,
1545 2505 1745 2551 aulicum
1778 2514 1894 2559 esse,

258 2591 309 2632 et
335 2584 507 2631 curiale
540 2589 780 2630 ostensum
806 2589 892 2639 est,
920 2581 1116 2629 dicimus
1141 2593 1239 2627 esse
1265 2580 1394 2642 illud,
1427 2579 1550 2639 quod
1581 2578 1773 2636 vulgare
1798 2575 1902 2622 lati-

301 2689 316 2716 1
343 2693 370 2725 A
385 2691 520 2734 questo
551 2689 744 2734 proposito
769 2687 961 2724 rireriamo
982 2684 1042 2722 cio
1115 2689 1148 2721 et
1173 2687 1265 2719 sicut
1287 2693 1365 2719 arx
1386 2682 1488 2718 decus
1511 2687 1562 2718 esc
1582 2682 1743 2725 urbium,
1764 2685 1820 2719 ita
1842 2683 1911 2720 illa

248 2740 325 2776 che
340 2740 425 2776 dice
439 2740 683 2777 cassiodoro:
701 2738 798 2782 Quod
809 2740 905 2773 ellim
918 2737 1043 2772 huma·
1115 2739 1372 2771 ornamentum
1388 2738 1439 2768 est
1453 2733 1625 2770 ordinum
1645 2738 1871 2770 coeterorum.

251 2794 296 2826 ni
308 2793 448 2837 yeneris
457 2792 559 2837 [lori-s
571 2790 771 2835 exaltabere
783 2791 924 2826 curiam
941 2789 1048 2834 dece&
1164 2785 1183 2812 ²
1203 2785 1324 2830 huius,
1345 2785 1572 2822 sottintendi
1590 2787 1716 2822 curt'oe.
