2054 3262
335 137 425 183 336
676 120 678 122 V
929 146 1072 182 LmER
1105 147 1364 185 SECUNDUS.
1994 0 2054 225 ἱ

338 239 443 297 quia
466 237 502 282 si
534 235 766 296 deficeret,
793 237 985 285 effectus
1010 246 1248 297 superaret
1275 253 1482 286 caussam
1508 241 1555 288 in
1575 242 1812 301 bonitate3
1837 244 1961 303 quod

339 317 407 356 cst
441 310 728 367 impossibile.
758 311 846 356 Sed
871 324 953 356 nos
977 311 1204 369 videmus,
1237 313 1362 370 quod
1395 314 1443 359 in
1483 313 1680 372 collegiis
1711 315 1961 362 instituen-

339 384 423 440 dis,
464 396 557 428 non
587 384 736 429 solum
768 385 879 430 ordo
916 385 1193 442 collegarum
1223 386 1281 430 ad
1311 385 1513 432 invicem
1552 382 1871 434 consideratur
1906 388 1964 434 ab

336 457 625 511 instituente,
666 458 746 504 sed
786 462 832 503 et
878 457 1071 503 facultas
1110 459 1168 503 ad
1207 457 1356 503 officia
1395 459 1684 505 exercenda:
1728 460 1853 519 quod
1891 466 1961 506 est

340 530 629 576 considerare
670 531 919 576 terminum
955 531 1072 588 juris
1110 531 1158 575 in
1196 531 1398 588 collegiO,
1430 530 1507 578 vel
1547 531 1596 576 in
1635 531 1827 590 ordine3
1867 546 1962 579 non
2031 521 2054 580 ’ἕ

337 605 460 649 enim
480 603 554 661 jus
580 604 850 650 extenditur
882 605 1003 650 ultra
1034 616 1179 662 posse.
1213 604 1334 661 Ergo
1365 605 1421 650 ab
1450 605 1535 651 hac
1565 605 1856 664 providentia
1888 619 1964 651 na·
2032 583 2054 668 ’ξ

338 682 442 722 tura
474 688 567 720 non
597 674 751 720 deficit
788 675 837 720 in
869 677 962 720 suis
994 675 1226 721 ordinatis,
1264 676 1462 734 Propter
1503 678 1626 735 quod
1657 683 1799 736 patet,
1839 680 1964 737 quod
2044 675 2054 726 τ’

287 806 289 808 q
340 755 503 794 natura
531 748 712 793 ordinat
743 760 817 794 res
851 761 956 793 cum
988 754 1203 805 respectu
1228 760 1418 793 suarum
1447 749 1750 798 facultatum:
1784 750 1865 808 qui
1895 763 1965 796 re·

337 830 524 882 spectus
551 829 619 868 est
650 823 1002 868 fundamentum
1020 822 1137 879 juris
1162 821 1208 866 in
1230 823 1369 867 rebus
1399 835 1425 867 a
1455 828 1621 869 natura
1646 823 1862 881 positum.
1890 823 1964 870 Ex

337 909 429 956 quo
456 898 683 954 sequitur,
716 896 840 953 quod
872 897 983 941 ordo
1016 895 1236 940 naturalis
1268 894 1317 938 in
1348 895 1488 940 rebus
1518 895 1690 953 absque
1729 894 1834 953 Jure
1874 907 1992 940 ser-.

336 970 436 1017 vari
468 982 561 1014 non
591 969 750 1026 possit,
779 982 885 1014 cum
906 968 1270 1026 inseparabiliter
1296 967 1411 1024 juris
1435 967 1792 1014 fundamentum
1815 967 1965 1014 ordini

335 1042 395 1087 sit
428 1054 677 1088 annexum.
709 1042 903 1088 Necesse
937 1048 1006 1088 est
1039 1042 1195 1099 igitur,
1229 1043 1352 1100 quod
1383 1040 1606 1099 quicquid
1641 1047 1807 1086 natura
1847 1041 1966 1086 ordi-

337 1115 482 1171 navit,
518 1116 571 1159 de
599 1114 705 1172 jure
737 1116 914 1162 servari
945 1116 1122 1160 debeat.
1156 1115 1391 1160 Romanus
1422 1114 1619 1172 populus
1653 1113 1711 1159 ad
1739 1113 1966 1171 imperan-
1998 1170 2000 1172 ,
2040 1129 2054 1172 .‘

340 1187 451 1231 dum
484 1187 722 1233 ordinatus
752 1187 840 1234 fuit
871 1201 896 1234 a
927 1194 1121 1234 natura:
1155 1189 1279 1246 quod
1309 1187 1375 1234 sic
1407 1187 1697 1234 declaratur:
1732 1186 1860 1233 Sicut
1893 1186 1965 1231 ille

337 1259 555 1306 deficeret
581 1262 637 1305 ab
668 1261 780 1306 artis
811 1261 1110 1318 perfectione,
1144 1261 1222 1318 qui
1253 1260 1435 1305 finalem
1465 1260 1659 1306 formam
1685 1265 1867 1306 tantum
1898 1259 1963 1303 in-

339 1333 570 1389 tenderet,
610 1333 759 1378 media
798 1344 930 1389 vere,
957 1344 1040 1390 per
1072 1345 1176 1391 quae
1218 1333 1276 1378 ad
1314 1332 1508 1378 formam
1539 1333 1839 1390 pertingeret,
1871 1344 1963 1378 non

334 1413 523 1451 curaret
540 1420 554 1463 3
591 1407 656 1452 sic
688 1412 872 1462 natura,
905 1407 942 1451 si
972 1406 1113 1451 solam
1142 1406 1337 1452 formam
1368 1406 1677 1452 universalem
1708 1406 1878 1453 divinae
1909 1406 1965 1451 si-

335 1481 606 1525 militudinis
641 1480 689 1525 in
720 1479 939 1526 universo
988 1479 1268 1537 intenderet,
1310 1481 1459 1526 media
1494 1486 1652 1526 autem
1693 1480 1962 1538 negligeret.

337 1553 426 1599 Sed
458 1559 626 1599 natura
657 1554 705 1599 in
735 1553 860 1599 nulla
894 1555 1178 1611 perfectione
1211 1554 1382 1611 deficit,
1421 1566 1530 1601 cum
1559 1555 1618 1600 sit
1650 1565 1765 1612 opus
1795 1552 1965 1600 divinae

335 1628 684 1685 intelligentiae:
728 1638 836 1684 ergo
876 1626 1027 1671 media
1068 1626 1218 1672 omnia
1260 1627 1477 1684 intendit,
1518 1639 1602 1685 per
1642 1638 1748 1685 quae
1777 1626 1837 1671 ad
1865 1625 1968 1672 ulti-

335 1713 464 1747 mum
495 1713 592 1746 suae
633 1700 905 1746 intentionis
949 1700 1213 1747 devenitur.
1258 1700 1373 1747 Cum
1403 1713 1510 1758 ergo
1541 1699 1645 1746 finis
1674 1690 1863 1746 humani
1891 1710 1966 1756 ge·

335 1775 459 1820 neris
489 1775 548 1820 sit
579 1774 763 1832 aliquod
793 1774 999 1820 medium
1031 1775 1343 1820 necessarium
1383 1775 1441 1820 ad
1479 1773 1620 1819 finem
1653 1779 1833 1819 naturae
1866 1773 1966 1818 uni-

335 1849 576 1904 versalem,
609 1859 798 1894 necesse
824 1853 910 1904 est,
929 1852 1146 1893 naturam
1166 1847 1319 1905 ipsum
1339 1846 1597 1893 intendere.
1622 1847 1819 1904 Propter
1843 1846 1966 1904 quod

336 1920 452 1966 hene
483 1920 791 1978 philosophuS,
818 1924 1034 1965 naturam
1059 1930 1242 1975 semper
1267 1930 1403 1975 agere
1425 1923 1615 1976 propter
1641 1918 1796 1978 finem,
1821 1919 1868 1965 in
1899 1931 1967 1964 se-

335 1993 488 2039 cundo
521 1993 578 2037 de
608 1992 806 2038 naturali
835 1992 1000 2037 auditu
1031 1992 1213 2049 prohat.
1247 1991 1308 2037 Et
1339 1992 1449 2049 quia
1479 1992 1536 2037 ad
1565 1992 1690 2038 hunc
1720 1991 1860 2038 finem
1885 2005 1965 2037 na·
2006 2002 2009 2003 ’

339 2071 442 2112 tura
473 2065 736 2122 pertingere
775 2077 869 2110 non
904 2070 1056 2121 potest
1095 2076 1178 2122 per
1209 2077 1354 2111 unum
1385 2065 1633 2122 hominem,
1665 2077 1775 2111 cum
1803 2065 1965 2111 multae

331 2139 427 2185 sint
459 2138 747 2196 operationes
778 2137 1049 2183 necessariae
1081 2138 1138 2183 ad
1169 2137 1337 2196 ipsum,
1369 2150 1474 2196 quae
1514 2137 1863 2184 multitudinem
1893 2151 1965 2196 re-

335 2213 532 2273 quirunt
563 2213 609 2257 in
642 2211 946 2270 operantibus
953 2225 967 2268 ;
1000 2223 1187 2257 necesse
1209 2217 1278 2257 est
1301 2217 1517 2257 naturam
1540 2212 1800 2270 producere
1821 2212 1966 2257 homi-

335 2297 450 2332 num
472 2283 840 2340 multitudinem,
862 2283 920 2329 ad
942 2283 1230 2341 operationes
1251 2283 1583 2330 ordinatorum.
1609 2283 1681 2330 Ad
1701 2284 1825 2342 quod
1850 2285 1965 2330 mul-

336 2365 439 2404 tum
471 2358 731 2414 conferunt,
762 2363 935 2415 praeter
960 2356 1245 2414 superiorem
1281 2355 1583 2412 influentiam,
1613 2357 1822 2403 locorum
1852 2357 1966 2403 infe-

336 2432 512 2479 riorum
535 2436 580 2476 et
597 2430 802 2477 virtutes
823 2435 870 2475 et
891 2429 1210 2487 proprietates,
1231 2428 1429 2486 Propter
1452 2428 1576 2486 quod
1596 2428 1824 2484 videmuS,
1843 2430 1967 2486 quod

337 2503 523 2561 quidam
548 2515 642 2548 non
671 2501 819 2547 solum
846 2501 1102 2558 singulares
1126 2501 1350 2558 homineS,
1377 2501 1490 2559 quin
1516 2491 1654 2546 etiam
1675 2501 1847 2560 populi,
1872 2501 1968 2560 apti

337 2577 433 2622 nati
464 2582 573 2622 sunt
605 2576 663 2621 ad
694 2575 962 2633 principari,
996 2574 1183 2633 quidam
1214 2575 1272 2620 ad
1303 2574 1467 2632 subjici
1503 2580 1643 2632 atque
1672 2574 1964 2620 ministrare:
2050 2629 2054 2633 Ι

336 2656 391 2695 ut
424 2649 721 2707 Philosophus
757 2648 925 2693 astruit
958 2648 1006 2692 in
1037 2647 1090 2693 iis
1123 2660 1228 2706 quae
1261 2648 1318 2694 de
1352 2649 1568 2702 Politiis;
1612 2652 1659 2694 et
1696 2647 1880 2704 talibuS,
1912 2654 1966 2694 ut
2040 2641 2054 2713 J

337 2723 433 2781 ipse
459 2722 584 2779 dicit,
604 2734 697 2768 non
718 2722 867 2768 solum
887 2721 985 2778 regi
1007 2727 1076 2768 est
1099 2722 1364 2780 expedienS,
1389 2722 1470 2768 sed
1500 2727 1546 2768 et
1562 2721 1759 2779 justum,
1786 2722 1968 2767 etiamsi

330 2795 393 2840 ad
423 2795 510 2840 hoc
541 2797 777 2851 cogantur,
815 2794 926 2850 Quae
953 2794 991 2839 si
1015 2794 1077 2840 ita
1100 2807 1148 2840 se
1173 2795 1360 2853 habent,
1385 2807 1481 2841 non
1510 2794 1703 2841 dubium
1733 2800 1820 2851 est,
1852 2794 1966 2852 quin

335 2875 501 2916 natura
531 2869 685 2915 locum
716 2873 762 2915 et
803 2874 988 2926 gentem
1034 2868 1308 2928 disposuerit
1338 2869 1387 2915 in
1416 2869 1607 2928 mundO,
1639 2869 1697 2915 ad
1725 2869 1969 2916 universa-
2045 2858 2053 2876 ⁷
