2054 3262
265 207 267 210 ,
289 147 378 219 378
905 178 1051 216 Lmen
1080 178 1303 218 mamus,

293 279 478 333 possent
505 273 655 320 omnia
676 273 760 319 sibi
787 273 1013 319 committi
1035 286 1061 319 a
1082 273 1194 330 Deo,
1221 274 1439 332 quoniam
1460 277 1712 334 potentiam
1735 277 1922 324 creandi

294 355 341 395 et
371 348 579 394 similiter
605 345 867 404 baptizandi
891 346 1017 392 nullo
1042 346 1179 408 modo
1205 347 1328 394 Deus
1355 349 1645 396 committere
1669 357 1842 409 posset,
1866 356 1921 399 ut

295 421 537 468 evidenter
563 419 786 477 probatur
798 432 813 476 3
836 418 947 464 licet
973 419 1183 476 Magister
1209 421 1496 468 contrarium
1522 421 1692 469 dixerit
1716 423 1764 469 in
1783 435 1921 482 quar-

296 499 356 540 to,
393 494 572 539 Scimus
604 493 757 550 etiam,
791 492 916 550 quod
945 492 1148 539 vicarius
1188 493 1385 539 hominis
1429 505 1524 540 non
1570 494 1816 552 aequivalet
1863 496 1920 554 ei,

294 567 602 626 quantumin
632 567 718 612 hoc
749 566 873 625 quod
903 566 1105 612 vicarius
1146 571 1240 611 est:
1285 567 1393 624 quia
1435 579 1573 614 nemo
1618 573 1769 626 potest
1813 569 1922 616 dare

292 640 421 699 quod
450 651 589 685 suum
619 650 713 684 non
743 644 824 684 est.
858 637 1123 684 Auctoritas
1152 638 1412 696 principalis
1451 651 1546 687 non
1580 645 1651 687 est
1686 641 1922 701 principiS,

293 714 380 760 nisi
408 713 467 758 ad
497 725 662 768 usum3
695 711 802 769 quia
833 710 987 756 nullus
1024 709 1241 767 princeps
1279 710 1480 768 seipsum
1519 713 1806 760 auctorizare
1841 725 1920 772 po-

300 791 404 841 test,
429 786 636 844 recipere
662 791 819 831 autem
844 789 997 841 potest
1023 789 1164 841 atque
1190 783 1450 830 dimittere:
1483 785 1565 831 sed
1592 785 1732 832 alium
1762 797 1922 832 creare

294 871 388 905 non
417 864 584 917 potest,
620 857 727 916 quia
758 857 928 903 creatio
959 856 1179 915 principis
1210 869 1269 902 ex
1299 855 1506 915 principe
1544 868 1640 903 non
1662 857 1920 916 dependet.

255 976 263 985 ,
294 933 428 989 Quod
457 932 494 978 si
524 933 587 978 ita
620 937 705 988 est,
736 931 1031 977 manifestum
1064 935 1133 975 est
1163 930 1288 987 quod
1318 930 1472 976 nullus
1517 929 1730 990 princeps
1770 938 1922 990 potest
1984 925 1987 927 ⁷

292 1006 379 1052 sibi
409 1006 690 1052 substituere
722 1004 954 1051 vicarium
994 1004 1041 1050 in
1085 1004 1299 1049 omnibus
1349 1003 1733 1063 aequivalentem
1779 1017 1923 1065 quare

294 1079 511 1125 instantia
541 1078 715 1124 nullam
749 1076 1004 1123 efficaciam
1033 1077 1186 1122 habet.

383 1150 406 1214 ἕ
439 1152 546 1197 VIII.
579 1152 695 1196 Item
726 1154 969 1195 assumunt
1003 1149 1058 1194 de
1089 1148 1221 1194 litera
1256 1148 1463 1206 ejusdem
1492 1150 1608 1197 illud
1651 1150 1819 1198 Christi
1865 1149 1942 1209 adx

292 1225 512 1271 Petrum:
546 1225 608 1270 Et
630 1222 933 1282 quodcumque
958 1223 1181 1278 liqaveris
1204 1235 1343 1279 super
1367 1226 1559 1278 terram,
1602 1224 1692 1269 erit
1729 1223 1923 1281 ligatum

292 1302 336 1345 et
360 1300 411 1344 in
437 1298 595 1350 coelis;
616 1301 656 1342 et
675 1296 980 1356 quodcumque
1011 1296 1203 1340 solveris
1227 1308 1368 1351 super
1391 1300 1583 1351 terram,
1614 1297 1706 1342 erit
1728 1297 1926 1342 solutum

293 1373 431 1416 etiam
454 1371 504 1415 in
526 1370 668 1416 coelis.
700 1366 832 1423 Quod
863 1366 1002 1411 etiam
1033 1365 1245 1411 omnibus
1276 1367 1489 1423 apostolis
1521 1357 1620 1414 esse
1655 1368 1835 1415 dictum
1861 1370 1922 1415 si-

295 1443 479 1502 militer,
511 1440 747 1499 accipiunt
782 1439 838 1484 de
868 1438 1001 1484 litera
1045 1438 1248 1484 Matthaei
1279 1445 1326 1485 et
1355 1440 1569 1498 Joannis;
1614 1453 1676 1488 ex
1719 1456 1812 1502 quo
1855 1456 1925 1491 ar-

294 1523 461 1575 guunt,
493 1526 808 1562 successorem
843 1513 967 1558 Petri
997 1513 1166 1569 omnia,
1214 1514 1271 1559 de
1319 1516 1616 1563 concessione
1651 1517 1752 1576 Dei,
1792 1532 1924 1578 posse

294 1596 390 1637 tam
421 1590 577 1647 ligare,
610 1599 750 1646 quam
781 1586 978 1633 solvere.
1011 1585 1071 1631 Et
1102 1581 1209 1630 in'de
1239 1585 1462 1645 inferunt,
1494 1601 1627 1647 posse
1655 1591 1838 1640 solvere
1861 1594 1926 1641 le·

296 1675 374 1721 ges
405 1668 452 1708 et
484 1662 671 1708 decreta
702 1658 898 1717 imperii,
921 1654 1064 1716 'atque
1094 1658 1217 1715 leges
1238 1664 1285 1705 et
1311 1659 1498 1708 decreta
1525 1661 1667 1720 ligare
1698 1677 1783 1724 pro
1805 1667 1926 1724 regi-

294 1736 419 1781 mine
451 1733 688 1792 temporali
706 1747 721 1790 3
754 1732 879 1778 unde
912 1732 1029 1778 bene
1061 1737 1338 1789 sequeretur
1368 1733 1478 1780 illud
1508 1736 1634 1793 quod
1664 1736 1840 1786 dicunt.
1864 1740 1925 1787 Et
1996 1791 1999 1795 ,

297 1808 546 1854 dicendum
576 1806 739 1852 adhoc
758 1818 842 1864 per
863 1796 1206 1851 distinctionem
1232 1810 1394 1852 contra
1417 1805 1638 1864 majorem
1661 1809 1925 1870 syllogismi,

293 1895 388 1941 quo
414 1887 630 1927 utuntur.
660 1880 919 1937 Sillogizant
945 1879 1070 1924 enim
1103 1879 1199 1925 sic:
1226 1880 1395 1927 Petrus
1428 1882 1580 1940 potuit
1615 1883 1795 1931 solvere
1830 1897 1926 1932 om-

296 1955 370 2001 nia
415 1959 461 1998 et
494 1953 634 2009 ligare
649 1965 664 2008 3
695 1963 934 1997 successor
968 1951 1088 1996 Petri
1119 1957 1271 2009 potest
1303 1953 1525 2012 quicquid
1554 1955 1722 2003 Petrus
1750 1959 1925 2016 potuit;

293 2039 403 2084 ergo
434 2037 673 2071 successor
704 2024 833 2069 Petri
864 2029 1016 2082 potest
1048 2024 1201 2070 omnia
1231 2025 1412 2072 solvere
1437 2033 1484 2074 et
1514 2027 1667 2085 ligare.
1695 2030 1824 2078 Unde
1855 2032 1924 2078 in-

294 2100 467 2155 ferunt,
490 2098 816 2144 auctoritatem
842 2102 888 2142 et
909 2098 1093 2143 decreta
1123 2099 1303 2157 imperii
1327 2100 1508 2148 solvere
1533 2108 1581 2149 et
1605 2102 1742 2160 ligare
1773 2106 1925 2164 ipsum

255 2233 257 2235 Ι
296 2185 442 2232 posse.
470 2173 690 2219 Minorem
716 2171 919 2217 concedo
926 2185 940 2227 3
966 2171 1187 2228 maj0rem
1218 2185 1333 2220 vero
1364 2186 1458 2220 non
1486 2175 1585 2221 sine
1615 2176 1924 2226 distinctione.

295 2247 355 2293 Et
384 2246 486 2292 ideo
518 2245 635 2302 dicO,
661 2245 784 2303 quod
819 2244 905 2289 hoc
943 2244 1127 2301 signum
1162 2246 1423 2293 universale
1447 2261 1592 2305 omne,
1625 2250 1750 2308 quod
1778 2251 1925 2300 inelu-

296 2321 423 2366 ditur
447 2319 495 2364 in
517 2318 860 2377 quodcumque,
892 2329 1131 2375 nunquam
1157 2318 1392 2365 distribuit
1417 2326 1551 2367 extra
1581 2323 1805 2369 ambitum
1830 2330 1924 2371 ter-

295 2393 409 2439 mini
441 2390 687 2438 distributi.
714 2390 827 2436 Nam
853 2390 890 2436 si
917 2390 1047 2436 dico:
1075 2402 1211 2436 omne
1236 2391 1402 2437 animal
1425 2393 1588 2448 currit,
1613 2406 1742 2440 omne
1771 2396 1924 2443 distri-

297 2466 400 2513 buit
422 2477 505 2524 pro
531 2464 655 2510 omni
681 2476 735 2509 eo
768 2463 892 2521 quod
914 2463 1000 2508 sub
1026 2474 1196 2519 genere
1220 2462 1402 2508 animali
1427 2465 1851 2522 comprehenditur.
1878 2469 1923 2515 Si

296 2551 410 2587 vero
442 2538 572 2584 dico:
605 2536 752 2581 omnis
787 2536 922 2580 homo
955 2533 1119 2591 currit,
1165 2540 1279 2581 tunc
1316 2536 1501 2592 signum
1541 2537 1801 2585 universale
1831 2553 1923 2587 non

299 2613 550 2666 distribuit,
591 2611 678 2658 nisi
721 2622 804 2670 pro
842 2609 1090 2668 suppositis
1133 2608 1267 2667 hujus
1309 2610 1511 2667 termini,
1551 2611 1706 2660 honae:
1736 2619 1783 2660 et
1814 2626 1922 2661 cum
