2054 3262
329 165 417 212 306
956 175 1099 212 Lmen
1130 177 1324 214 Pnnuus.

329 267 440 324 legis
471 269 712 316 executori
741 273 1042 329 conveniunt,
1069 279 1268 320 testante
1293 286 1402 332 rege
1427 274 1499 320 illo
1521 274 1821 332 sanctissimo,
1848 288 1957 322 cum

331 341 657 388 convenientia
681 343 778 401 regi
797 350 842 390 et
868 344 958 390 filio
988 345 1108 403 regis
1133 346 1391 403 postulabat
1422 358 1446 390 a
1471 346 1595 391 Deo:
1628 347 1765 400 Deus,
1787 346 1955 405 inquit,

327 412 555 469 judicium
572 419 700 462 tuum
717 419 815 475 φερε·
824 418 898 473 da,
913 423 952 464 et
965 421 1063 475 filio
1082 410 1455 478 reqisjustitiam.
1476 419 1601 464 Bene
1618 419 1759 476 igitur
1778 419 1954 465 dietum

330 492 416 543 est,
440 499 549 533 cum
581 489 752 536 dicitur
774 490 822 536 in
842 493 1181 551 'subassumptzu
1209 494 1332 552 quod
1353 493 1601 538 monarcha
1623 492 1748 538 solus
1768 497 1838 538 est
1863 492 1953 548 ille,

334 559 415 617 qui
446 565 597 617 potest
629 574 726 608 esse
757 564 929 622 optime
963 566 1208 624 dispositus
1238 566 1294 611 ad
1323 566 1592 622 regendum.
1631 563 1753 622 Ergo
1777 577 1956 611 monar-

330 631 414 678 cha
455 632 577 680 solus
618 635 789 692 optime
828 637 937 683 alios
978 638 1217 695 disponere
1265 643 1429 695 potest.
1477 637 1550 683 Ex
1597 650 1690 696 quo
1732 638 1957 696 sequitur,

330 705 456 762 quod
493 706 550 752 ad
585 707 803 765 optimam
841 710 1003 756 mundi
1034 710 1375 768 dispositionem
1411 710 1675 756 monarchia
1710 710 1770 757 sit
1799 722 1956 756 neces-

329 778 496 823 saria.¹

420 848 443 912 ἓ
475 852 582 898 XVI.
610 852 668 899 Et
700 855 823 912 quod
854 860 1005 912 potest
1032 855 1129 900 ficri
1152 869 1235 914 per
1265 869 1429 912 unum,
1462 855 1626 902 melius
1652 861 1720 902 cst
1746 855 1843 901 fieri
1877 868 1960 913 per

330 938 480 971 unum
513 939 650 984 quam
680 941 762 986 per
797 929 942 986 plura.
979 929 1109 984 Quod
1149 929 1214 974 sic
1246 929 1537 973 declaratur:
1583 927 1650 973 Sit
1679 939 1844 983 unum,
1875 939 1959 985 per
1992 933 1994 935 ’

329 1001 454 1057 quod
485 1001 669 1058 aliquod
699 1001 797 1047 fieri
823 1008 989 1060 potest,
1022 1002 1060 1047 A
1078 1016 1092 1059 3
1126 1008 1171 1048 et
1203 1003 1296 1048 sint
1328 1002 1476 1059 plura,
1499 1013 1582 1059 per
1612 1013 1718 1059 quae
1748 1001 1958 1046 similiter

328 1070 441 1116 illud
470 1071 568 1117 fieri
598 1078 765 1131 potest,
809 1074 845 1118 A
878 1079 924 1119 et
958 1074 1007 1119 B.
1044 1074 1086 1119 Si
1120 1086 1226 1131 ergo
1258 1069 1370 1119 illud
1400 1073 1522 1118 idem
1560 1073 1685 1131 quod
1716 1072 1768 1120 fit
1800 1086 1882 1132 per
1913 1074 1952 1119 A

329 1149 375 1189 et
408 1143 460 1199 B,
493 1150 643 1201 potest
669 1144 766 1189 fieri
797 1157 880 1203 per
904 1145 942 1190 A
970 1151 1167 1201 tantum,
1200 1145 1371 1191 frustra
1398 1145 1456 1191 ibi
1482 1145 1734 1191 assumitur
1759 1145 1823 1202 B;
1852 1146 1960 1214 quia

328 1227 389 1262 ex
409 1216 551 1274 ipsius
580 1218 891 1275 assumptione
916 1219 1025 1263 nihil
1050 1219 1276 1276 sequitur,
1311 1232 1415 1264 cum
1448 1220 1578 1277 prius
1603 1219 1714 1264 illud
1738 1218 1858 1264 idem
1881 1219 1961 1264 fie-

329 1288 405 1333 bat
437 1301 520 1345 per
544 1288 583 1333 A
606 1290 768 1336 solum.
793 1290 852 1336 Et
876 1304 985 1337 cum
1016 1294 1162 1338 omnis
1195 1293 1295 1338 talis
1321 1292 1571 1350 assumptio
1597 1292 1656 1338 sit
1681 1291 1831 1338 ociosa
1861 1292 1960 1337 sive

328 1360 577 1417 superflua,
610 1367 655 1407 et
692 1374 826 1407 omne
857 1363 1147 1421 superfluum
1178 1365 1271 1409 Deo
1303 1370 1350 1410 et
1395 1364 1584 1410 Naturae
1628 1364 1878 1423 displiceat,
1913 1354 1961 1412 et

329 1443 465 1476 omne
498 1433 622 1490 quod
654 1434 748 1479 Deo
774 1440 820 1480 et
844 1434 1031 1481 Naturae
1065 1436 1271 1494 displicet
1296 1437 1354 1482 sit
1375 1437 1562 1494 malum,
1588 1443 1642 1483 ut
1666 1438 1960 1484 manifestum

331 1511 401 1550 est.
432 1506 487 1550 de
518 1518 566 1552 se
580 1520 595 1563 3
627 1508 855 1565 sequitur,
887 1521 982 1555 non
1011 1510 1158 1555 solum
1184 1511 1346 1556 melius
1371 1523 1469 1556 6556
1494 1510 1594 1556 fieri
1624 1523 1709 1568 per
1732 1524 1896 1567 unum,
1923 1512 1960 1556 si

329 1578 429 1624 fieri
455 1585 622 1637 potest,
645 1593 783 1638 quam
804 1581 904 1626 fieri
926 1594 1010 1639 per
1049 1583 1196 1639 plura,
1229 1584 1310 1628 scd
1341 1582 1439 1628 fieri
1470 1596 1554 1641 per
1584 1595 1735 1629 unum
1760 1596 1858 1629 esse
1883 1585 1961 1629 bo-

331 1667 461 1712 num,
494 1668 577 1712 per
608 1657 740 1713 plura
769 1656 1038 1714 simpliciter
1068 1657 1254 1702 malum.
1299 1658 1532 1703 Praeterea
1567 1656 1713 1714 prima
1749 1669 1824 1702 res
1854 1658 1963 1703 dici-

336 1734 411 1774 tur
441 1741 538 1775 6556
570 1730 745 1786 melior,
777 1742 859 1787 per
891 1742 988 1775 esse
1019 1729 1321 1787 propinquior
1352 1730 1555 1788 optimae,
1588 1736 1634 1776 et
1676 1730 1781 1777 finis
1827 1732 1965 1777 habet

331 1802 557 1848 rationem
599 1803 801 1860 operati:
847 1804 928 1848 sed
966 1802 1064 1848 fieri
1104 1815 1187 1861 per
1219 1809 1467 1849 unum'est
1508 1803 1812 1861 propinquius
1849 1803 1963 1860 fini;

333 1885 441 1930 ergo
466 1879 535 1919 est
557 1875 733 1921 melius.
761 1876 821 1921 Et
843 1876 967 1933 quod
990 1876 1049 1922 sit
1076 1876 1395 1934 propinquius,
1422 1881 1549 1934 patet
1574 1876 1664 1922 sic:
1695 1876 1762 1922 Sit
1785 1875 1887 1921 finis
1909 1877 1963 1932 C,

333 1945 432 1992 fieri
463 1960 545 2004 per
575 1961 723 1995 unum
753 1949 807 2006 A,
839 1962 922 2007 per
953 1949 1084 2008 plura
1122 1949 1156 1994 A
1198 1956 1244 1996 ct
1289 1950 1339 1995 B.
1383 1942 1673 1995 Manifestum
1713 1955 1796 2006 est,
1838 1951 1963 2007 quod
2011 1998 2015 1999 ⁷

333 2020 509 2076 longior
545 2027 614 2067 est
654 2023 729 2068 via
760 2024 816 2068 ab
847 2023 885 2068 A
917 2036 1000 2081 per
1031 2024 1066 2068 Β
1097 2024 1146 2068 in
1180 2023 1227 2081 C,
1261 2037 1399 2083 quam
1441 2024 1497 2069 ab
1535 2022 1575 2068 A
1607 2028 1791 2068 tantum
1826 2022 1872 2067 in
1912 2022 1961 2068 C.

336 2092 424 2139 Sed
453 2093 708 2141 humanum
738 2108 883 2153 genus
912 2102 1063 2154 potest
1088 2097 1183 2154 regi
1210 2109 1293 2155 per
1323 2108 1471 2142 unum
1496 2107 1766 2154 supremum
1791 2096 1964 2154 princi-

335 2179 454 2226 pem,
480 2168 560 2226 qui
585 2174 653 2214 est
676 2170 936 2215 monarcha.
965 2172 1161 2228 Propter
1186 2171 1309 2228 quod
1330 2170 1669 2216 advertendum
1689 2181 1814 2226 sane,
1840 2171 1965 2227 quod

337 2254 446 2289 cum
470 2242 656 2299 dicitur,
680 2244 936 2288 humanum
963 2255 1106 2300 genus
1122 2248 1273 2301 potest
1290 2242 1388 2299 regi
1411 2253 1493 2300 per
1523 2254 1670 2287 unum
1694 2253 1963 2300 supremum

336 2317 604 2377 principem,
630 2329 723 2362 non
748 2317 814 2363 sic
837 2317 1187 2374 intelligendum
1214 2322 1298 2371 est,
1325 2321 1378 2361 ut
1408 2315 1597 2361 minima
1615 2314 1786 2373 judicia
1809 2316 1965 2373 cujus-

339 2403 538 2451 cumque
559 2390 797 2448 munieipii
817 2390 872 2436 ab
894 2391 967 2436 illo
990 2402 1084 2436 uno
1105 2390 1366 2435 immediate
1391 2389 1575 2447 prodire
1597 2389 1795 2447 possint:
1815 2387 1832 2413 ²
1855 2401 1964 2436 cum

336 2468 385 2509 et
415 2463 538 2521 leges
567 2462 866 2521 municipales
890 2464 1165 2522 quandoque
1199 2463 1428 2520 deficiant,
1460 2468 1507 2509 et
1539 2473 1654 2521 opus
1677 2462 1873 2508 habeant
1899 2463 1970 2508 di-

377 2606 394 2636 2
419 2608 473 2644 La
489 2607 675 2644 ter-radin
692 2610 821 2643 ottv'ma
832 2608 1113 2653 disposizione...
1225 2608 1243 2633 ²
1274 2606 1462 2643 Perocche
1489 2617 1562 2643 non
1590 2616 1658 2652 per
1681 2606 1717 2643 le
1743 2607 1798 2642 liti
1826 2608 1974 2652 de'pri·

334 2660 470 2705 quami·
498 2657 599 2694 ella&
626 2658 854 2698 monarchia,
885 2656 1065 2692 ciodcuua
1092 2667 1116 2691 a
1184 2661 1261 2694 vati
1299 2658 1319 2695 ὲ
1360 2660 1385 2694 il
1421 2659 1614 2702 giudicato
1647 2668 1856 2704 supremo,
1899 2661 1970 2695 ebe

333 2722 408 2746 uno
433 2713 658 2756 principa...
686 2709 739 2744 Νὲ
764 2709 792 2743 il
823 2709 953 2743 mondo
978 2719 1051 2743 non
1073 2708 1114 2751 fa
1187 2710 1303 2744 Dante
1336 2708 1560 2744 attribuisce
1596 2709 1630 2744 al
1670 2717 1868 2753 monarca,
1910 2719 1970 2744 ma

331 2762 410 2795 mai
431 2760 476 2795 m}
499 2760 590 2794 δανὰ
604 2759 921 2805 siperfetcamente
944 2758 1112 2803 dispono,
1183 2771 1250 2806 per
1276 2762 1310 2796 le
1340 2761 1602 2797 controversie
1629 2762 1837 2805 insol-genti
1876 2764 1931 2795 tra
1957 2761 1968 2795 i

329 2822 427 2848 come
438 2812 557 2846 allora
569 2812 629 2846 che
642 2810 718 2846 alla
731 2820 808 2845 voce
821 2810 907 2844 d’un
921 2809 993 2844 solo
1010 2813 1113 2854 prin·
1182 2812 1285 2854 corpi
1307 2809 1467 2856 politici,
1481 2818 1589 2845 come
1602 2810 1681 2854 egli
1695 2810 1906 2846 medesimo
1924 2810 1971 2844 ha

329 2865 408 2909 cipe
423 2862 479 2898 det
493 2874 626 2898 roman
638 2861 1055 2908 popoloecomandatore
1070 2860 1112 2902 su
1179 2861 1388 2896 dicliiarato
1412 2858 1480 2904 piu
1505 2867 1618 2905 sopra
1641 2860 1680 2902 ui
1695 2859 1882 2907 paragrafi
1902 2859 1970 2895 xil

328 2914 515 2953 ordinato.
540 2913 733 2962 (Convito,
749 2912 1039 2959 Tratt.lV,cap.
1055 2910 1106 2959 5.)
1177 2921 1201 2950 e
1226 2911 1327 2948 Xlll.
