2054 3262
290 107 374 152 164
915 114 1061 150 LIBER
1092 114 1288 151 PRIMUS.

285 207 434 254 omnis
459 212 616 253 nostra
639 206 818 265 loquela
847 206 1042 266 (praeter
1067 207 1188 253 illam
1209 208 1379 253 homini
1404 210 1554 268 primo
1579 219 1875 261 concreatam
1896 229 1923 261 a

285 280 399 341 Deo)
427 280 529 326 sita
559 285 717 326 nostro
743 280 1031 338 beneplacito
1063 286 1274 338 reparata
1306 287 1407 340 post
1441 283 1756 332 confusionem
1785 287 1923 343 illam,

285 366 389 411 quae
417 353 479 398 nil
505 353 592 398 fuit
623 352 762 410 aliud,
796 365 933 411 quam
955 352 1129 411 prioris.
1146 353 1328 411 obliviO,
1356 359 1402 400 et
1424 355 1558 401 homo
1589 356 1649 403 sit
1678 356 1921 405 instabilis-

284 427 453 473 simum
490 432 631 484 atque
657 425 1056 473 variabilissimum
1083 425 1265 483 animal,
1293 439 1382 473 nec
1414 427 1632 475 durabilis
1662 443 1751 477 nec
1776 431 1921 478 conti—

284 513 376 546 uua
404 512 502 546 esse
527 505 679 558 potest
696 514 711 558 3
733 500 813 546 sed
839 500 960 546 sicut
983 500 1079 556 alia,
1122 513 1229 558 quae
1264 507 1421 547 nostra
1453 508 1564 548 sunt
1600 501 1735 561 (puta
1772 516 1925 550 mores

284 578 331 620 et
355 574 575 632 habitus),
607 586 690 632 per
715 574 924 619 locorum
951 579 1306 631 temporumque
1328 573 1567 620 distantias
1595 575 1766 622 variari
1797 588 1927 634 opor-

286 652 367 694 tet.
395 648 490 694 Nec
516 648 823 694 dubitandum
850 659 955 693 reor
979 647 1116 692 modo
1142 646 1190 691 in
1211 659 1263 692 eo
1286 648 1410 705 quod
1434 648 1637 696 diximus
1663 655 1924 709 temporum

286 719 501 765 distantia
532 719 815 766 locutionem
849 719 1033 776 variari,
1071 719 1151 765 sed
1186 719 1341 777 potius
1371 721 1613 778 opinamur
1637 724 1895 770 tenendum
1911 739 1925 782 3

286 805 391 838 nam
417 793 454 838 si
474 793 558 839 alia
582 801 739 840 nostra
766 806 902 852 opera
927 799 1294 852 perscrutemur,
1319 794 1468 840 multo
1491 795 1635 853 magis
1666 796 1927 856 discrepare

288 865 502 912 videmur
533 879 558 911 a
590 867 920 913 vetustissimis
952 867 1223 914 concivibus
1255 866 1437 924 nostris,
1469 879 1609 926 quam
1638 880 1665 913 a
1696 870 1928 916 coetaneis
1963 913 1966 916 ,

289 937 648 997 perlonginquis
675 940 964 997 Quapropter
980 941 1202 986 audacter
1230 945 1472 998 testamur,
1501 940 1626 998 quod
1648 941 1687 987 si
1711 942 1929 989 vetustis-

289 1009 390 1055 simi
424 1011 671 1070 Papienses
705 1025 833 1058 nunc
863 1017 1175 1069 resurgerent,
1211 1023 1422 1058 sermone
1454 1013 1598 1070 varic,
1634 1013 1716 1060 ve}
1744 1013 1927 1062 diverso

291 1096 399 1130 cum
419 1086 654 1132 modernis
685 1086 985 1143 Papiensibus
1016 1086 1324 1144 loquerentur
1338 1098 1354 1143 3
1386 1098 1474 1132 nec
1504 1086 1638 1133 aliter
1667 1087 1840 1133 mirum
1859 1088 1929 1135 vi-

289 1155 471 1217 deatur·
503 1160 628 1216 quod
672 1160 880 1216 dicimUS,
932 1172 1070 1216 quam
1115 1159 1379 1217 prospicere
1419 1157 1643 1216 juvenem
1674 1159 1929 1217 exoletum,

290 1243 430 1288 quem
448 1232 709 1278 exolescere
735 1243 828 1277 non
844 1232 1126 1278 videremus
1147 1230 1262 1276 Nam
1287 1243 1394 1289 quae
1414 1231 1633 1289 paulatim
1659 1239 1927 1291 moventur,

289 1305 480 1350 minime
506 1305 861 1363 perpenduntur
885 1316 910 1349 a
935 1304 1097 1361 nobis3
1122 1303 1168 1349 et
1194 1308 1368 1362 quanto
1394 1303 1597 1361 longiora
1618 1310 1826 1363 tempora
1850 1319 1930 1353 va-

290 1380 423 1426 riatio
449 1381 517 1425 rei
541 1380 598 1424 ad
626 1377 847 1436 perpendi
872 1377 1086 1435 requirit,
1113 1382 1241 1423 tanto
1266 1389 1366 1423 rem
1390 1377 1513 1423 illam
1543 1379 1825 1425 stabiliorem
1847 1392 1931 1439 pu-

296 1460 459 1500 tamus
487 1454 588 1499 Non
614 1451 787 1497 etenim
817 1451 1118 1509 admiramur,
1149 1451 1187 1497 si
1219 1451 1542 1498 extimationes
1563 1452 1819 1510 hominum,
1850 1454 1929 1513 qui

292 1541 458 1587 parum
485 1528 656 1572 distant
683 1539 708 1570 a
734 1525 897 1582 brutis,
930 1530 1097 1583 putant
1129 1526 1323 1572 eandem
1354 1525 1592 1573 civitatem
1616 1526 1704 1572 sub
1733 1526 1930 1574 invaria-

290 1601 365 1647 bili
390 1612 572 1659 semper
597 1599 820 1646 civicasse
845 1609 1074 1654 sermone,
1106 1610 1216 1644 cum
1247 1597 1472 1644 sermonis
1502 1597 1698 1645 variatio
1729 1598 1933 1646 civitatis

294 1674 501 1733 ejusdem
532 1685 627 1718 non
655 1671 755 1718 sine
786 1670 1046 1728 longissima
1083 1676 1349 1727 temporum
1379 1670 1670 1717 successione
1708 1671 1930 1730 paulatim

293 1746 546 1804 contingat,
574 1751 621 1792 et
641 1745 883 1791 hominum
908 1744 1006 1791 vita
1032 1743 1090 1789 sit
1116 1743 1256 1788 etiam
1280 1742 1377 1800 ipsa
1410 1754 1493 1789 sua
1523 1749 1693 1791 natura
1717 1745 1932 1793 brevissi·
1953 1798 1957 1802 p

293 1832 381 1866 ma.
412 1819 455 1865 Si
481 1831 589 1876 ergo
614 1831 697 1877 per
715 1818 907 1863 eandem
932 1821 1120 1874 gentem
1136 1827 1288 1862 sermo
1304 1816 1516 1863 variatur
1541 1816 1617 1877 (ut
1639 1817 1818 1865 dictum
1837 1819 1930 1880 est)

292 1893 557 1941 successive
575 1904 658 1950 per
683 1898 907 1949 tempora,
931 1902 1018 1935 nec
1039 1894 1161 1935 stare
1183 1889 1428 1935 ullomodo
1445 1895 1615 1948 potest,
1635 1902 1822 1938 necesse
1844 1898 1929 1949 est,

293 1974 347 2014 ut
373 1967 656 2024 disiunctim,
679 1966 993 2023 abmotimque
1015 1963 1303 2010 morantibus
1323 1964 1452 2011 varie
1477 1965 1691 2012 varietur
1700 1979 1716 2024 3
1744 1979 1833 2014 ceu
1853 1980 1933 2015 va-

293 2044 361 2090 rie
386 2043 630 2091 variantur
660 2052 813 2087 mores
838 2046 884 2086 et
905 2038 1106 2095 habituS,
1139 2037 1218 2096 qui
1249 2050 1337 2083 nec
1367 2044 1550 2096 natura,
1581 2051 1670 2087 nec
1701 2042 1931 2087 consortio

295 2116 558 2174 firmantur,
585 2116 666 2161 sed
689 2113 900 2161 humanis
932 2112 1245 2171 beneplacitis,
1277 2112 1501 2171 localique
1534 2114 1826 2172 congruitate
1856 2128 1932 2164 na-

295 2197 508 2239 scuntur.
554 2191 672 2237 Hinc
711 2189 826 2235 moti
859 2193 970 2235 sunt
1011 2187 1283 2234 inventores
1322 2187 1635 2245 grammaticae
1671 2187 1930 2236 facultatis:

296 2276 402 2323 quae
428 2263 617 2322 quidem
637 2262 937 2320 grammatica
961 2260 1025 2306 nil
1045 2259 1170 2306 aliud
1190 2266 1277 2318 est,
1302 2272 1443 2319 quam
1474 2261 1690 2319 quaedam
1721 2261 1932 2308 inaltera-

297 2339 398 2385 bilis
421 2337 668 2384 locutionis
691 2336 908 2382 identitas
930 2334 1124 2382 diversis
1146 2334 1434 2393 temporibus
1470 2339 1613 2393 atque
1641 2333 1788 2382 locis,¹
1820 2334 1931 2381 Haec

298 2424 406 2459 cum
432 2411 487 2456 de
509 2410 743 2457 communi
770 2422 998 2456 consensu
1023 2407 1278 2455 multarum
1302 2406 1512 2465 gentium
1535 2405 1674 2453 fuerit
1704 2406 1929 2464 regulata,

336 2558 351 2585 1
379 2557 520 2599 Questo
545 2554 780 2599 linguaggio,
811 2561 963 2596 sempre
997 2552 1079 2587 uni·
1153 2551 1275 2586 morta
1291 2548 1337 2585 da
1367 2547 1436 2594 piu
1460 2547 1595 2592 secoli,
1618 2548 1769 2596 seguita
1793 2549 1937 2594 l'arte3

293 2611 429 2651 forme,
457 2607 573 2650 ossia,
604 2614 713 2641 come
729 2606 915 2640 diccvano
939 2604 991 2649 gli
1015 2613 1077 2638 an·
1153 2603 1301 2637 mentre
1332 2600 1358 2636 il
1390 2600 1610 2646 linguaggio
1640 2599 1822 2646 volgare,
1853 2600 1938 2636 cioe

294 2660 399 2700 tichi,
427 2660 564 2703 questo
596 2655 765 2691 scrivere
792 2654 829 2688 in
859 2653 1078 2698 grammati·
1155 2651 1189 2686 la
1216 2651 1346 2696 lingua
1369 2649 1541 2690 vivente,
1565 2649 1713 2693 seguita
1740 2649 1764 2684 l’
1782 2659 1865 2692 uso,
1889 2649 1939 2685 ed

294 2719 352 2754 ca,
382 2707 403 2744 e
432 2706 692 2749 inalterabile,
719 2704 903 2751 perocche
929 2714 1002 2739 non
1029 2705 1080 2739 al·
1155 2713 1179 2738 a
1204 2704 1421 2748 piacimento
1451 2700 1648 2743 artificiale
1675 2700 1936 2753 ελόιᾼναεηηιια.

296 2764 352 2795 tro
386 2758 549 2795 essendo
573 2757 641 2792 che
667 2756 703 2791 la
720 2755 850 2800 lingua
869 2753 931 2791 del
951 2753 1076 2798 Lazio,
1155 2754 1299 2802 (coam,
1317 2752 1435 2789 Tratt.
1455 2751 1483 2798 l,
1500 2761 1584 2798 cap.
1602 2751 1655 2798 7.)
