2054 3262
347 166 433 213 322
974 178 1117 214 Lmen
1147 179 1340 216 PRIMUS.

343 269 641 328 Philosophus
671 270 719 316 in
749 271 802 317 iis
831 283 936 330 quae
963 273 1019 319 de
1042 274 1244 320 moribus
1267 275 1509 333 fungendis
1539 276 1596 322 ad
1618 276 1962 323 Nicomachum.

342 343 575 398 Quantum
606 356 719 389 vero
749 344 806 390 ad
835 345 1186 404 haereditariam,
1212 348 1428 406 quaelibet
1460 362 1565 407 pars
1595 349 1815 408 tripartiti
1839 349 1962 394 orbis

344 421 437 460 tam
467 415 566 461 avis
607 427 744 473 quam
785 416 1054 475 conjugibus
1093 413 1220 465 illum
1252 420 1515 467 nobilitasse
1544 421 1814 479 invenitur3
1855 435 1961 467 nam

341 486 444 532 Asia
475 487 878 545 propinquioribus
907 489 1020 545 aviS,
1057 496 1102 536 et
1127 491 1361 548 Assaraco,
1389 499 1434 538 et
1465 493 1560 539 aliis
1590 494 1742 552 quiin
1765 495 1962 553 Phrygia

342 566 675 629 regnaverunt,
707 560 826 607 Asiae
853 562 1052 619 regione.
1077 564 1205 609 Unde
1230 570 1363 621 poeta
1394 571 1552 611 noster
1575 565 1623 610 in
1647 565 1809 611 tertio:
1841 569 1964 612 Post-

340 647 476 692 quam
507 645 581 679 res
608 634 747 687 Asiae,
775 636 1042 695 Priamique
1074 642 1271 682 evertere
1305 641 1474 695 pentem
1499 639 1783 684 Immeritam
1815 639 1966 683 visum

343 707 542 763 Superis.
585 706 768 764 Europa
808 719 896 753 avo
935 707 1268 764 antiquissimO,
1309 708 1485 754 scilicet
1524 709 1766 765 Dardan03
1811 708 1963 754 Africa

343 790 527 835 quoque
552 778 654 825 avia
679 779 1004 835 vetustissima,
1035 778 1217 825 Electra
1239 780 1429 837 scilicet,
1461 787 1567 827 nata
1592 782 1745 839 magni
1768 783 1968 829 nominis

342 852 461 909 regis
490 851 688 898 Atlantis
703 866 718 910 3
758 859 812 898 ut
844 854 899 898 de
930 853 1150 899 ambobus
1190 854 1505 899 testimonium
1539 855 1688 901 reddit
1719 860 1853 914 poeta
1883 867 1962 900 no-

341 931 437 971 ster
468 926 515 971 in
547 932 727 983 octav0,
757 928 836 973 ubi
867 929 1034 974 AEneas
1079 928 1136 973 ad
1176 927 1445 974 Evandrum
1475 928 1541 975 sic
1579 928 1676 974 ait:
1709 930 1966 976 Dardanas
1995 940 1998 943 ’

340 1001 501 1045 Iliacoe
522 1003 700 1056 primus
733 1006 864 1059 pater
888 1003 1020 1049 urbis
1045 1006 1085 1047 et
1107 1004 1286 1058 author,
1321 1004 1525 1058 Electra,
1556 1006 1606 1048 ut
1637 1004 1773 1049 Graii
1811 1004 1966 1060 perhi-

341 1072 455 1127 bent,
481 1077 522 1118 et
541 1074 773 1120 Atlantide
799 1079 950 1121 cretus
981 1082 1069 1122 etc.
1097 1077 1226 1131 Quod
1251 1082 1407 1122 autem
1432 1076 1672 1121 Dardanus
1699 1077 1757 1121 ab
1780 1076 1963 1134 Europa

343 1145 566 1202 originem
597 1147 782 1193 duxerit
812 1153 969 1195 noster
999 1154 1130 1194 vates
1154 1148 1202 1193 in
1228 1148 1363 1194 tertio
1389 1153 1559 1204 cantat,
1586 1147 1769 1193 dicens:
1797 1149 1875 1194 Est
1902 1149 1966 1194 lo·

342 1230 436 1273 cus,
456 1220 726 1276 Hesperiam
753 1221 888 1266 Graii
913 1222 1173 1278 coquomine
1194 1221 1365 1276 dieunt,
1397 1223 1544 1266 Terra
1572 1222 1779 1279 antiqua,
1810 1212 1967 1278 poten's

339 1293 489 1350 armis
521 1295 651 1350 atque
692 1293 828 1351 ubere
857 1293 992 1351 yleboe
1004 1308 1024 1347 ;
1058 1294 1281 1340 OEnotrii
1306 1293 1486 1338 coluere
1509 1293 1634 1338 viri:
1663 1305 1788 1339 nune
1820 1294 1964 1350 sama,

340 1366 536 1410 minores
562 1367 751 1411 Italiam
768 1367 956 1419 dimisse,
985 1368 1113 1413 ducis
1131 1368 1182 1411 cle
1198 1367 1393 1420 nomine,
1414 1368 1598 1423 qentem.
1618 1367 1701 1410 Hoe
1715 1366 1840 1411 uobis
1858 1378 1967 1422 pro-

336 1439 458 1494 prioe
479 1438 632 1491 πάθες
669 1438 776 1484 hine
808 1439 1064 1485 Dardanus
1089 1444 1228 1485 ortus,
1259 1439 1389 1494 Quod
1418 1450 1532 1485 vero
1570 1437 1698 1483 Atlas
1727 1438 1784 1483 de
1813 1437 1965 1483 Africa

340 1510 498 1565 fuerit,
529 1522 659 1555 mons
689 1510 737 1555 in
767 1510 855 1566 illa,
887 1522 971 1555 suo
1002 1510 1187 1555 nomine
1219 1510 1384 1565 dictUS,
1416 1515 1487 1555 est
1519 1509 1664 1566 testiS,
1691 1521 1830 1567 quem
1866 1521 1965 1554 esse

339 1583 388 1628 in
418 1583 570 1630 Africa
602 1583 711 1637 dicit
743 1582 944 1640 OrosiuS,
976 1582 1024 1628 in
1053 1595 1135 1628 sua
1175 1584 1335 1628 mundi
1367 1583 1691 1642 descriptione,
1721 1583 1814 1629 sic:
1853 1585 1967 1630 Ulti-

338 1669 439 1701 mus
463 1661 611 1702 autem
629 1659 740 1715 finis
762 1656 857 1711 ejus
889 1660 952 1702 est
983 1668 1111 1703 mons
1136 1657 1283 1712 Atlas,
1310 1661 1350 1702 et
1369 1657 1534 1702 insuloe
1565 1667 1677 1715 quas
1709 1656 1969 1712 fortunatas

340 1734 514 1776 vocant.
548 1729 672 1787 EjuS,
703 1730 750 1775 id
780 1735 848 1775 est
877 1729 1062 1786 Africae,
1093 1730 1200 1787 quia
1231 1730 1285 1774 de
1316 1730 1411 1787 ipsa
1434 1730 1722 1787 loquebatur.
1752 1728 1969 1774 Similiter

341 1809 388 1850 et
420 1803 629 1862 coniugio
660 1804 951 1850 nobilitatum
980 1803 1119 1850 fuisse
1145 1805 1339 1862 reperio.
1370 1805 1522 1850 Prima
1543 1816 1742 1862 namque
1762 1802 1968 1859 conjunx

342 1876 528 1933 Creusa,
552 1875 720 1921 Priami
743 1876 862 1933 regis
886 1876 992 1933 filia,
1025 1877 1081 1923 de
1110 1877 1213 1923 Asia
1245 1878 1330 1923 fuit
1351 1892 1360 1923 :
1394 1883 1448 1924 ut
1472 1877 1687 1936 superius
1707 1876 1862 1922 haberi
1888 1889 1969 1934 po·

341 1958 431 1998 test
464 1963 547 2009 per
577 1963 629 1996 ea
661 1963 767 2008 quae
799 1951 920 1998 dicta
951 1958 1076 1998 sunt.
1104 1952 1162 1998 Et
1188 1954 1314 2010 quod
1337 1947 1477 1999 fuerit
1509 1951 1730 2010 conjunx,
1763 1950 1966 1997 testimo·
2008 2006 2011 2007 γ

337 2026 469 2071 nium
510 2025 718 2082 perhibet
761 2031 919 2071 noster
955 2031 1090 2083 poeta
1135 2026 1182 2071 in
1234 2027 1386 2080 tertie,
1432 2026 1513 2073 ubi
1553 2025 1871 2072 Andromache
1911 2025 1969 2071 de

338 2097 533 2144 Ascanio
553 2095 644 2141 filio
660 2095 855 2141 AEneam
876 2095 1132 2152 genitorem
1155 2095 1408 2153 interrogat
1426 2095 1511 2142 sic:
1544 2096 1664 2150 Quid
1681 2108 1800 2153 puer
1826 2095 1969 2140 Asca-

336 2172 479 2219 nius?
499 2173 754 2228 superatne,
782 2171 822 2214 et
845 2170 1040 2214 vescitur
1060 2170 1220 2214 aura?
1244 2170 1382 2222 Quem
1398 2169 1479 2215 tibi
1490 2169 1597 2225 jam
1610 2169 1804 2227 peperit,
1828 2165 1970 2221 Troja

337 2248 557 2305 fumante,
589 2246 756 2291 Creusa
774 2243 797 2288 P
832 2242 1058 2299 Secunda,
1091 2242 1207 2288 Dido
1231 2242 1336 2299 fuit,
1362 2242 1518 2299 regina
1544 2247 1591 2288 et
1611 2247 1760 2288 mater
1785 2240 1971 2287 Cartha-

340 2319 602 2377 ginensium
626 2318 674 2362 in
694 2316 860 2363 Africa.
894 2316 953 2362 Et
985 2316 1110 2374 quod
1138 2314 1278 2361 fuerit
1311 2315 1532 2372 conjunx,
1562 2315 1684 2361 idem
1708 2320 1868 2362 noster
1891 2327 1971 2361 va-

344 2390 561 2437 ticinatur
591 2388 639 2433 in
669 2392 835 2445 quarto
851 2399 866 2443 3
897 2386 1050 2444 inquit
1082 2386 1205 2431 enim
1238 2385 1292 2430 de
1326 2385 1524 2431 Didone:
1569 2388 1664 2436 Nee
1685 2386 1791 2442 ,iam
1826 2386 1965 2443 surti-

336 2476 444 2510 vum
467 2461 588 2507 Dido
609 2460 858 2506 meditatur
883 2472 1088 2506 amorem
1106 2473 1122 2504 .·
1159 2458 1429 2517 Conjuyium
1449 2462 1580 2506 vocat
1593 2472 1616 2514 ;
1653 2459 1734 2506 hoe
1755 2457 1971 2516 pratea-it
2052 2448 2054 2455 ’

340 2537 523 2583 nomine
548 2537 746 2593 culpam.
781 2533 951 2589 Tertia,
983 2533 1173 2580 Lavinia
1202 2532 1307 2589 fuit,
1331 2532 1613 2578 Albanorum
1635 2531 1967 2577 Romanorum-

342 2622 432 2669 que
460 2614 626 2663 mater‚
656 2606 777 2665 regis
807 2607 959 2652 Latini
998 2606 1086 2652 filia
1124 2608 1296 2665 pariter
1327 2614 1374 2653 et
1403 2607 1582 2653 haeres:
1628 2605 1666 2650 si
1695 2616 1864 2653 verum
1894 2607 1964 2648 est

342 2681 658 2730 testimonium
689 2680 832 2725 nostri
864 2684 1012 2737 poetae
1044 2679 1092 2724 in
1123 2679 1301 2735 ultim0,
1337 2679 1417 2724 ubi
1448 2678 1660 2724 Turnum
1689 2675 1871 2724 victum
1900 2674 1968 2720 in·

338 2755 563 2811 troducit,
599 2758 805 2800 orantem
835 2752 1106 2811 suppliciter
1134 2753 1192 2798 ad
1217 2752 1409 2798 AEneam
1439 2751 1533 2797 sic:
1575 2752 1735 2798 Vicisti
1749 2763 1772 2804 ;
1800 2754 1842 2796 et
1870 2750 1965 2795 vic-

336 2833 435 2875 tum
457 2828 639 2875 tendere
662 2827 844 2885 palmas
878 2827 1078 2872 Ausonii
1100 2826 1255 2871 videre
1272 2838 1287 2869 .-
1326 2829 1407 2871 tua
1436 2828 1498 2871 est
1518 2825 1720 2871 Lavinia
1745 2821 1964 2878 conjunae.

338 2902 454 2958 Quae
494 2899 656 2948 ultima
696 2908 817 2948 uxor
848 2898 903 2945 de
934 2897 1057 2946 Italia
1086 2897 1191 2956 fuit,
1223 2897 1421 2956 Europae
1452 2896 1638 2955 regione
1669 2893 1962 2942 nobilissima.
