2054 3262
1976 0 2054 214 ξ

286 260 340 300 ut
364 254 541 300 dictum
572 258 655 299 est.
691 254 822 310 Quod
852 254 888 300 si
922 260 1083 302 contra
1113 256 1359 303 veritatem
1391 263 1619 305 ostensam
1643 259 1700 306 de
1731 259 1915 319 impari-

290 331 384 372 tate
416 326 590 372 virium
621 326 837 382 instetur,
869 331 924 372 ut
949 328 1128 382 assolet,
1161 340 1245 386 per
1275 330 1520 376 victoriam
1558 331 1706 378 David
1734 333 1792 378 de
1829 334 1916 380 Go-

287 397 398 444 liath
414 398 652 444 obtentam
668 398 885 445 instantia
907 399 1157 446 refellatur.
1181 401 1239 446 Et
1259 401 1293 446 si
1318 401 1518 448 Gentiles
1539 403 1661 449 aliud
1684 410 1916 463 peterent,

287 472 498 517 refellant
532 472 675 529 ipsam
716 485 799 530 per
827 474 1070 520 victoriam
1103 475 1313 520 Herculis
1354 476 1399 521 in
1430 477 1677 524 Antheum.
1712 479 1917 526 Stultum

286 152 373 198 350
883 159 1026 195 LIBER
1060 160 1318 198 SECUNDUS.

289 546 411 592 enim
442 551 511 591 est
543 546 691 603 valde,
724 546 865 602 vireS,
898 559 1011 604 quas
1047 548 1169 593 Deus
1210 548 1453 605 confortat,
1480 549 1718 597 inferiores
1748 552 1796 598 in
1833 565 1917 610 pu-

288 619 377 675 gile
410 618 647 676 suspicari.
691 618 792 664 Jam
831 619 939 664 satis
969 619 1262 665 manifestum
1308 626 1392 677 est,
1434 623 1557 679 quod
1598 634 1683 682 per
1713 624 1919 671 duellum

288 692 564 750 acquiritur,
592 694 647 739 de
674 692 779 750 jure
804 692 995 751 acquiri.
1027 693 1115 738 Sed
1138 705 1354 740 romanus
1379 697 1576 753 populus
1601 708 1684 754 per
1707 696 1915 743 duellum

290 766 537 824 acquisivit
565 765 839 823 imperium:
869 767 991 823 quod
1017 765 1107 810 fide
1135 766 1281 823 dignis
1307 768 1580 814 testimoniis
1604 757 1886 827 approbatur
1900 783 1916 827 3

289 839 335 885 in
361 840 530 896 quihus
556 838 898 885 manifestandis
920 853 1014 885 non
1045 840 1193 885 solum
1217 840 1303 886 hoc
1329 842 1580 899 apparebit,
1607 843 1687 889 sed
1712 848 1758 888 et
1792 842 1919 902 quic-

290 912 401 971 quid
426 926 451 959 a
476 913 846 970 primordialibus
881 913 1060 971 imperii
1091 914 1267 960 romani
1309 913 1651 971 dijudicandum
1686 921 1801 971 erat,
1834 927 1919 974 per
1985 925 1988 928 ’

288 986 491 1032 duellum
518 999 616 1031 esse
648 986 920 1032 discussum.
948 986 1061 1032 Nam
1087 987 1141 1031 de
1168 987 1333 1045 prime,
1353 987 1408 1031 de
1433 986 1539 1033 sede
1566 985 1711 1044 patris
1736 987 1915 1042 AEneae,

288 1058 368 1116 qui
393 1059 571 1116 primus
601 1064 732 1117 pater
759 1058 895 1116 hujus
926 1059 1081 1116 populi
1115 1058 1217 1115 fuit,
1258 1063 1476 1105 vertetur
1514 1058 1727 1117 litigium,
1759 1061 1917 1107 Turno

290 1130 568 1176 Rutulorum
593 1143 701 1188 rege
729 1136 890 1177 contra
914 1136 1064 1176 stante
1080 1144 1095 1187 ,-
1121 1131 1176 1176 de
1210 1132 1442 1177 communi
1481 1132 1724 1178 amborum
1753 1144 1919 1191 regum

284 1215 488 1259 assensn,
514 1205 569 1250 ad
594 1205 829 1261 ultimum,
857 1210 1047 1263 propter
1073 1205 1283 1251 divinum
1309 1205 1648 1263 beneplacitum
1680 1206 1917 1264 inquiren·
1934 1200 1954 1263 ζ

288 1268 414 1332 dum,
440 1277 562 1322 inter
587 1290 634 1322 se
660 1278 808 1323 solum
835 1277 1103 1323 dimicatum
1125 1283 1209 1334 est,
1238 1283 1290 1322 ut
1320 1276 1368 1323 in
1391 1277 1566 1323 ultimis
1599 1279 1819 1325 AEnez'dos
1844 1292 1918 1327 ca-

287 1350 428 1396 nitur.
456 1351 506 1396 In
528 1363 619 1408 quo
645 1350 831 1408 quidem
847 1362 988 1407 agone
1014 1354 1138 1396 tanta
1156 1349 1348 1395 victoris
1374 1350 1535 1395 AEneae
1553 1349 1798 1398 clementia
1813 1351 1917 1408 fuit,

289 1428 339 1468 ut
364 1423 449 1469 nisi
476 1424 697 1481 baltheUS,
725 1437 864 1482 quem
891 1424 1076 1469 Turnus
1101 1422 1288 1469 Pallanti
1310 1436 1336 1470 a
1360 1435 1408 1468 se
1449 1423 1600 1469 occiso
1633 1424 1917 1482 detraxerat,

287 1498 526 1555 patuisset,
552 1497 679 1544 victo
704 1498 859 1545 victor
883 1498 1018 1543 simul
1051 1498 1195 1544 vitam
1230 1499 1529 1544 condonasset
1561 1504 1608 1544 et
1639 1510 1831 1556 pacem3
1864 1505 1917 1545 ut

289 1570 447 1617 ultima
477 1570 680 1617 carmina
708 1570 856 1616 nostri
879 1575 1029 1628 poetae
1058 1575 1301 1616 testantur.
1325 1569 1535 1628 Cumque
1561 1570 1652 1615 duo
1673 1571 1831 1629 populi
1855 1583 1916 1617 ex

288 1646 381 1702 ipsa
407 1644 580 1702 trojana
610 1644 764 1691 radice
792 1644 836 1690 in
861 1643 985 1690 Italia
1012 1643 1360 1699 germinassent,
1391 1655 1608 1690 romanus
1638 1643 1815 1690 scilicet
1836 1656 1916 1702 po-

287 1720 423 1777 pulus
448 1725 494 1764 et
517 1719 731 1765 albanus:
759 1723 899 1775 atque
925 1717 980 1761 de
1006 1717 1134 1773 signo
1159 1716 1341 1774 aquilae,
1368 1717 1516 1775 deque
1553 1717 1797 1775 penatibus
1826 1718 1915 1764 diis

287 1791 604 1848 Trojanorum,
631 1796 771 1848 atque
790 1789 1011 1847 dignitate
1034 1789 1323 1847 principandi
1343 1789 1477 1847 longo
1498 1795 1706 1848 tempore
1726 1790 1850 1837 inter
1869 1803 1917 1837 se

287 1864 593 1921 disceptatum
629 1870 746 1909 esset
757 1876 773 1920 ;
819 1863 877 1909 ad
914 1862 1147 1919 ultimum,
1191 1863 1424 1909 communi
1463 1875 1652 1910 assensu
1690 1864 1915 1922 partium,

286 1944 477 1996 propter
507 1938 771 1984 instantiam
797 1938 1177 1995 cognoscendam,
1203 1949 1286 1995 per
1311 1942 1405 1982 tres
1428 1936 1641 1983 ‘Horatios
1665 1936 1848 1994 fratreS,
1869 1945 1916 1986 et

288 2023 368 2069 per
393 2011 587 2057 totidem
614 2011 838 2058 Curiatios
858 2010 1036 2067 fratreS,
1059 2010 1164 2056 inde
1186 2009 1233 2056 in
1265 2014 1485 2067 cospectu
1509 2021 1673 2066 regum
1697 2014 1744 2055 et
1766 2022 1914 2068 popu-

286 2085 436 2130 lorum
468 2084 742 2131 altrinsecus
765 2082 1121 2142 ‘expectantium
1161 2082 1452 2129 decertatum
1498 2086 1598 2128 est:
1640 2082 1721 2128 ubi
1764 2083 1914 2129 tribus

287 2159 515 2217 pugilibus
553 2158 834 2205 Albanorum
870 2156 1137 2215 peremptiS,
1183 2156 1497 2202 Romanorum
1537 2155 1732 2212 duobUS‚
1763 2156 1914 2214 palma
1946 2182 1948 2184 >

285 2231 495 2279 victoriae
527 2232 613 2277 sub
643 2231 833 2276 Hostilio
865 2242 973 2287 rege
1005 2230 1140 2276 cessit
1172 2228 1400 2275 Romanis.
1449 2228 1510 2274 Et
1539 2228 1627 2274 hoc
1668 2229 1916 2287 diligenter

288 2304 446 2351 Livius
477 2303 524 2350 in
555 2304 702 2361 prima
734 2309 863 2361 parte
884 2302 1108 2361 contexit,
1136 2302 1210 2348 cui
1234 2301 1422 2348 Orosius
1444 2301 1582 2348 etiam
1607 2306 1912 2350 contestatur.

288 2379 462 2425 Deinde
494 2391 602 2424 cum
634 2377 853 2435 finitimiS,
885 2376 1006 2423 omni
1034 2376 1140 2434 Jure
1170 2375 1274 2422 belli
1318 2380 1519 2430 servam,
1563 2379 1611 2420 et
1651 2387 1760 2420 cum
1792 2374 1918 2421 Sabi-

286 2454 372 2510 niS,
402 2457 450 2498 et
481 2463 588 2498 cum
609 2451 888 2508 SannitibUS,
915 2450 1023 2496 licet
1044 2450 1091 2496 in
1115 2448 1413 2495 multitudine
1436 2448 1808 2506 disceptantium,
1827 2449 1916 2494 sub

287 2526 432 2572 forma
458 2530 611 2572 tamen
635 2524 790 2580 duelli,
818 2525 874 2569 de
904 2523 1096 2581 imperio
1129 2523 1420 2569 decertatum
1450 2521 1590 2568 fuisse
1620 2521 1783 2569 Livius
1810 2533 1918 2569 nar·

287 2604 388 2656 rat3
414 2599 461 2644 in
486 2610 578 2656 quo
609 2597 798 2655 quidem
825 2597 961 2643 modo
987 2596 1254 2642 decertandi
1276 2608 1385 2641 cum
1408 2594 1687 2650 Sannitibu5‚
1712 2594 1806 2640 fere
1826 2595 1916 2641 for-

291 2679 447 2718 tunam
486 2672 560 2730 (ut
593 2671 760 2731 dicam)
794 2671 981 2728 incoepti
1018 2670 1248 2728 poenituit.
1290 2669 1348 2715 Et
1385 2669 1470 2715 hoc
1508 2670 1722 2715 Lucanus
1760 2669 1810 2714 in
1844 2681 1916 2714 se·-

287 2745 439 2791 cundo
464 2745 522 2792 ad
553 2744 818 2804 exemplum
838 2744 904 2791 sic
927 2743 1139 2791 reducit:
1172 2744 1267 2790 Aut
1294 2744 1471 2790 Colli-na
1494 2742 1600 2789 tulit
1621 2745 1795 2789 stratas
1813 2747 1915 2803 quot
