<?xml version="1.0" encoding="UTF-8"?>
<!DOCTYPE html PUBLIC "-//W3C//DTD XHTML 1.0 Transitional//EN"
    "http://www.w3.org/TR/xhtml1/DTD/xhtml1-transitional.dtd">
<html xmlns="http://www.w3.org/1999/xhtml" xml:lang="en" lang="en">
 <head>
  <title>
</title>
<meta http-equiv="Content-Type" content="text/html;charset=utf-8" />
  <meta name='ocr-system' content='tesseract 3.04.00' />
  <meta name='ocr-capabilities' content='ocr_page ocr_carea ocr_par ocr_line ocrx_word'/>
</head>
<body>
  <div class='ocr_page' id='page_1' title='image "./opereminori02dantuoft_0166.png"; bbox 0 0 2054 3262; ppageno 0'>
   <div class='ocr_carea' id='block_1_1' title="bbox 292 145 1286 191">
    <p class='ocr_par' dir='ltr' id='par_1_1' title="bbox 292 145 1286 191">
     <span class='ocr_line' id='line_1_1' title="bbox 292 145 1286 191; baseline -0.004 -1"><span class='ocrx_word' id='word_1_1' title='bbox 292 145 379 191; x_wconf 87' lang='grc'>156</span> <span class='ocrx_word' id='word_1_2' title='bbox 917 152 1061 188; x_wconf 83' lang='lat' dir='ltr'>LIBER</span> <span class='ocrx_word' id='word_1_3' title='bbox 1092 151 1286 187; x_wconf 78' lang='lat' dir='ltr'>Pnnuus.</span> 
     </span>
    </p>
   </div>
   <div class='ocr_carea' id='block_1_2' title="bbox 289 247 1969 1112">
    <p class='ocr_par' dir='ltr' id='par_1_2' title="bbox 289 247 1969 1112">
     <span class='ocr_line' id='line_1_2' title="bbox 289 247 1918 308; baseline -0.001 -11"><span class='ocrx_word' id='word_1_4' title='bbox 289 251 532 297; x_wconf 82' lang='lat' dir='ltr'><strong>stultitiam</strong></span> <span class='ocrx_word' id='word_1_5' title='bbox 558 249 894 308; x_wconf 77' lang='lat' dir='ltr'>praesumendo.</span> <span class='ocrx_word' id='word_1_6' title='bbox 929 247 1231 305; x_wconf 85' lang='lat' dir='ltr'>Praesumpsit</span> <span class='ocrx_word' id='word_1_7' title='bbox 1258 259 1364 305; x_wconf 85' lang='lat' dir='ltr'>ergo</span> <span class='ocrx_word' id='word_1_8' title='bbox 1389 247 1437 294; x_wconf 91' lang='lat' dir='ltr'>in</span> <span class='ocrx_word' id='word_1_9' title='bbox 1462 248 1598 295; x_wconf 89' lang='lat' dir='ltr'>corde</span> <span class='ocrx_word' id='word_1_10' title='bbox 1621 260 1706 296; x_wconf 89' lang='lat' dir='ltr'>suo</span> <span class='ocrx_word' id='word_1_11' title='bbox 1737 249 1918 296; x_wconf 83' lang='lat' dir='ltr'>incura-</span> 
     </span>
     <span class='ocr_line' id='line_1_3' title="bbox 292 320 1917 381; baseline -0.001 -11"><span class='ocrx_word' id='word_1_12' title='bbox 292 324 391 370; x_wconf 89' lang='lat' dir='ltr'>bilis</span> <span class='ocrx_word' id='word_1_13' title='bbox 409 324 561 380; x_wconf 89' lang='lat' dir='ltr'>homo,</span> <span class='ocrx_word' id='word_1_14' title='bbox 587 323 672 369; x_wconf 86' lang='lat' dir='ltr'>sub</span> <span class='ocrx_word' id='word_1_15' title='bbox 698 321 994 381; x_wconf 78' lang='lat' dir='ltr'>persuasione</span> <span class='ocrx_word' id='word_1_16' title='bbox 1019 320 1228 378; x_wconf 81' lang='lat' dir='ltr'>gigantiS,</span> <span class='ocrx_word' id='word_1_17' title='bbox 1260 325 1359 366; x_wconf 90' lang='lat' dir='ltr'>arte</span> <span class='ocrx_word' id='word_1_18' title='bbox 1384 332 1465 366; x_wconf 89' lang='lat' dir='ltr'>sua</span> <span class='ocrx_word' id='word_1_19' title='bbox 1489 333 1583 367; x_wconf 91' lang='lat' dir='ltr'>non</span> <span class='ocrx_word' id='word_1_20' title='bbox 1613 321 1761 368; x_wconf 90' lang='lat' dir='ltr'>solum</span> <span class='ocrx_word' id='word_1_21' title='bbox 1784 333 1917 380; x_wconf 88' lang='lat' dir='ltr'>supe-</span> 
     </span>
     <span class='ocr_line' id='line_1_4' title="bbox 291 389 1918 452; baseline 0 -11"><span class='ocrx_word' id='word_1_22' title='bbox 291 408 393 442; x_wconf 88' lang='lat' dir='ltr'>rare</span> <span class='ocrx_word' id='word_1_23' title='bbox 425 401 654 451; x_wconf 87' lang='lat' dir='ltr'>naturam,</span> <span class='ocrx_word' id='word_1_24' title='bbox 677 395 758 440; x_wconf 91' lang='lat' dir='ltr'>sed</span> <span class='ocrx_word' id='word_1_25' title='bbox 779 399 825 440; x_wconf 90' lang='lat' dir='ltr'>et</span> <span class='ocrx_word' id='word_1_26' title='bbox 851 394 1002 452; x_wconf 84' lang='lat' dir='ltr'>ipsum</span> <span class='ocrx_word' id='word_1_27' title='bbox 1027 389 1341 448; x_wconf 84' lang='lat' dir='ltr'>naturantem,</span> <span class='ocrx_word' id='word_1_28' title='bbox 1367 392 1447 451; x_wconf 88' lang='lat' dir='ltr'>qui</span> <span class='ocrx_word' id='word_1_29' title='bbox 1475 393 1598 440; x_wconf 90' lang='lat' dir='ltr'>Deus</span> <span class='ocrx_word' id='word_1_30' title='bbox 1622 399 1692 440; x_wconf 91' lang='lat' dir='ltr'>est</span> <span class='ocrx_word' id='word_1_31' title='bbox 1707 407 1722 451; x_wconf 90' lang='lat'>;</span> <span class='ocrx_word' id='word_1_32' title='bbox 1748 399 1796 441; x_wconf 91' lang='lat' dir='ltr'>et</span> <span class='ocrx_word' id='word_1_33' title='bbox 1828 406 1918 441; x_wconf 88' lang='lat' dir='ltr'>coe-</span> 
     </span>
     <span class='ocr_line' id='line_1_5' title="bbox 293 466 1919 527; baseline 0.002 -15"><span class='ocrx_word' id='word_1_34' title='bbox 293 469 358 526; x_wconf 89' lang='lat' dir='ltr'>pit</span> <span class='ocrx_word' id='word_1_35' title='bbox 385 467 615 514; x_wconf 83' lang='lat' dir='ltr'>aedificare</span> <span class='ocrx_word' id='word_1_36' title='bbox 652 466 819 513; x_wconf 88' lang='lat' dir='ltr'>turrim</span> <span class='ocrx_word' id='word_1_37' title='bbox 854 467 903 511; x_wconf 90' lang='lat' dir='ltr'>in</span> <span class='ocrx_word' id='word_1_38' title='bbox 939 466 1155 522; x_wconf 78' lang='lat' dir='ltr'>sennaar,</span> <span class='ocrx_word' id='word_1_39' title='bbox 1183 476 1287 522; x_wconf 85' lang='lat' dir='ltr'>quae</span> <span class='ocrx_word' id='word_1_40' title='bbox 1314 470 1469 522; x_wconf 91' lang='lat' dir='ltr'>postea</span> <span class='ocrx_word' id='word_1_41' title='bbox 1500 466 1625 513; x_wconf 89' lang='lat' dir='ltr'>dicta</span> <span class='ocrx_word' id='word_1_42' title='bbox 1658 473 1728 514; x_wconf 88' lang='lat' dir='ltr'>est</span> <span class='ocrx_word' id='word_1_43' title='bbox 1764 468 1919 527; x_wconf 90' lang='lat' dir='ltr'>Babel,</span> 
     </span>
     <span class='ocr_line' id='line_1_6' title="bbox 292 537 1922 597; baseline 0.001 -12"><span class='ocrx_word' id='word_1_44' title='bbox 292 541 377 586; x_wconf 88' lang='lat' dir='ltr'>hoc</span> <span class='ocrx_word' id='word_1_45' title='bbox 401 545 469 585; x_wconf 92' lang='lat' dir='ltr'>est</span> <span class='ocrx_word' id='word_1_46' title='bbox 498 539 718 595; x_wconf 83' lang='lat' dir='ltr'>confusiO,</span> <span class='ocrx_word' id='word_1_47' title='bbox 740 551 823 597; x_wconf 90' lang='lat' dir='ltr'>per</span> <span class='ocrx_word' id='word_1_48' title='bbox 849 550 987 596; x_wconf 90' lang='lat' dir='ltr'>quam</span> <span class='ocrx_word' id='word_1_49' title='bbox 1016 537 1183 584; x_wconf 85' lang='lat' dir='ltr'>caelum</span> <span class='ocrx_word' id='word_1_50' title='bbox 1212 539 1422 595; x_wconf 84' lang='lat' dir='ltr'>sperabat</span> <span class='ocrx_word' id='word_1_51' title='bbox 1459 539 1738 586; x_wconf 89' lang='lat' dir='ltr'>ascendere:</span> <span class='ocrx_word' id='word_1_52' title='bbox 1774 540 1922 587; x_wconf 91' lang='lat' dir='ltr'>inten-</span> 
     </span>
     <span class='ocr_line' id='line_1_7' title="bbox 293 612 1921 670; baseline 0.002 -13"><span class='ocrx_word' id='word_1_53' title='bbox 293 612 405 658; x_wconf 91' lang='lat' dir='ltr'>dens</span> <span class='ocrx_word' id='word_1_54' title='bbox 428 612 602 658; x_wconf 88' lang='lat' dir='ltr'>inscius</span> <span class='ocrx_word' id='word_1_55' title='bbox 623 625 715 659; x_wconf 92' lang='lat' dir='ltr'>non</span> <span class='ocrx_word' id='word_1_56' title='bbox 743 625 943 670; x_wconf 75' lang='lat' dir='ltr'>aequare,</span> <span class='ocrx_word' id='word_1_57' title='bbox 970 612 1050 657; x_wconf 87' lang='lat' dir='ltr'>sed</span> <span class='ocrx_word' id='word_1_58' title='bbox 1075 623 1212 657; x_wconf 87' lang='lat' dir='ltr'>suum</span> <span class='ocrx_word' id='word_1_59' title='bbox 1234 623 1452 669; x_wconf 87' lang='lat' dir='ltr'>superare</span> <span class='ocrx_word' id='word_1_60' title='bbox 1478 612 1712 659; x_wconf 86' lang='lat' dir='ltr'>factorem.</span> <span class='ocrx_word' id='word_1_61' title='bbox 1732 612 1801 660; x_wconf 77' lang='lat'>011</span> <span class='ocrx_word' id='word_1_62' title='bbox 1823 613 1921 661; x_wconf 83' lang='lat' dir='ltr'>sine</span> 
     </span>
     <span class='ocr_line' id='line_1_8' title="bbox 293 685 1922 744; baseline 0.003 -15"><span class='ocrx_word' id='word_1_63' title='bbox 293 698 509 732; x_wconf 88' lang='lat' dir='ltr'>mensura</span> <span class='ocrx_word' id='word_1_64' title='bbox 541 687 783 732; x_wconf 91' lang='lat' dir='ltr'>clementia</span> <span class='ocrx_word' id='word_1_65' title='bbox 816 687 1010 732; x_wconf 85' lang='lat' dir='ltr'>caelestis</span> <span class='ocrx_word' id='word_1_66' title='bbox 1041 685 1248 743; x_wconf 76' lang='lat' dir='ltr'>imperiii</span> <span class='ocrx_word' id='word_1_67' title='bbox 1288 685 1391 743; x_wconf 89' lang='lat' dir='ltr'>quis</span> <span class='ocrx_word' id='word_1_68' title='bbox 1420 692 1552 744; x_wconf 89' lang='lat' dir='ltr'>pater</span> <span class='ocrx_word' id='word_1_69' title='bbox 1576 691 1646 733; x_wconf 88' lang='lat' dir='ltr'>tot</span> <span class='ocrx_word' id='word_1_70' title='bbox 1671 687 1922 734; x_wconf 87' lang='lat' dir='ltr'>sustineret</span> 
     </span>
     <span class='ocr_line' id='line_1_9' title="bbox 293 758 1921 818; baseline 0.001 -15"><span class='ocrx_word' id='word_1_71' title='bbox 293 759 491 805; x_wconf 90' lang='lat' dir='ltr'>insultus</span> <span class='ocrx_word' id='word_1_72' title='bbox 515 773 539 805; x_wconf 89' lang='lat' dir='ltr'>a</span> <span class='ocrx_word' id='word_1_73' title='bbox 566 760 691 805; x_wconf 66' lang='lat' dir='ltr'>filio?</span> <span class='ocrx_word' id='word_1_74' title='bbox 720 761 808 805; x_wconf 86' lang='lat' dir='ltr'>Sed</span> <span class='ocrx_word' id='word_1_75' title='bbox 833 771 1077 815; x_wconf 82' lang='lat' dir='ltr'>exurgenS,</span> <span class='ocrx_word' id='word_1_76' title='bbox 1100 771 1192 803; x_wconf 92' lang='lat' dir='ltr'>non</span> <span class='ocrx_word' id='word_1_77' title='bbox 1217 758 1367 803; x_wconf 85' lang='lat' dir='ltr'>hostili</span> <span class='ocrx_word' id='word_1_78' title='bbox 1391 758 1582 816; x_wconf 88' lang='lat' dir='ltr'>scutica,</span> <span class='ocrx_word' id='word_1_79' title='bbox 1607 760 1689 805; x_wconf 89' lang='lat' dir='ltr'>sed</span> <span class='ocrx_word' id='word_1_80' title='bbox 1713 764 1921 818; x_wconf 88' lang='lat' dir='ltr'>paterna,</span> 
     </span>
     <span class='ocr_line' id='line_1_10' title="bbox 294 832 1921 893; baseline 0.003 -16"><span class='ocrx_word' id='word_1_81' title='bbox 294 838 341 878; x_wconf 90' lang='lat' dir='ltr'>et</span> <span class='ocrx_word' id='word_1_82' title='bbox 366 833 472 878; x_wconf 91' lang='lat' dir='ltr'>alias</span> <span class='ocrx_word' id='word_1_83' title='bbox 498 834 773 880; x_wconf 86' lang='lat' dir='ltr'>verberibus</span> <span class='ocrx_word' id='word_1_84' title='bbox 794 839 989 889; x_wconf 87' lang='lat' dir='ltr'>assueta,</span> <span class='ocrx_word' id='word_1_85' title='bbox 1016 833 1317 878; x_wconf 84' lang='lat' dir='ltr'>rebellantem</span> <span class='ocrx_word' id='word_1_86' title='bbox 1341 832 1487 879; x_wconf 88' lang='lat' dir='ltr'>filium</span> <span class='ocrx_word' id='word_1_87' title='bbox 1517 834 1591 893; x_wconf 91' lang='lat' dir='ltr'>pia</span> <span class='ocrx_word' id='word_1_88' title='bbox 1618 835 1921 893; x_wconf 83' lang='lat' dir='ltr'>correctione,</span> 
     </span>
     <span class='ocr_line' id='line_1_11' title="bbox 294 907 1969 965; baseline 0.002 -14"><span class='ocrx_word' id='word_1_89' title='bbox 294 919 475 953; x_wconf 84' lang='lat' dir='ltr'>necnon</span> <span class='ocrx_word' id='word_1_90' title='bbox 493 907 773 953; x_wconf 82' lang='lat' dir='ltr'>memorabili</span> <span class='ocrx_word' id='word_1_91' title='bbox 797 907 1050 964; x_wconf 79' lang='lat' dir='ltr'>castigavit.</span> <span class='ocrx_word' id='word_1_92' title='bbox 1081 907 1123 952; x_wconf 91' lang='lat' dir='ltr'>Si</span> <span class='ocrx_word' id='word_1_93' title='bbox 1146 907 1332 965; x_wconf 90' lang='lat' dir='ltr'>quidem</span> <span class='ocrx_word' id='word_1_94' title='bbox 1352 919 1470 965; x_wconf 93' lang='lat' dir='ltr'>pene</span> <span class='ocrx_word' id='word_1_95' title='bbox 1496 912 1648 954; x_wconf 91' lang='lat' dir='ltr'>totum</span> <span class='ocrx_word' id='word_1_96' title='bbox 1666 909 1923 956; x_wconf 91' lang='lat' dir='ltr'>humanum</span> <span class='ocrx_word' id='word_1_97' title='bbox 1966 920 1969 922; x_wconf 90' lang='grc'><em>·</em></span> 
     </span>
     <span class='ocr_line' id='line_1_12' title="bbox 293 980 1926 1039; baseline -0.001 -13"><span class='ocrx_word' id='word_1_98' title='bbox 293 991 439 1037; x_wconf 85' lang='lat' dir='ltr'>genus</span> <span class='ocrx_word' id='word_1_99' title='bbox 463 982 519 1026; x_wconf 90' lang='lat' dir='ltr'>ad</span> <span class='ocrx_word' id='word_1_100' title='bbox 546 993 660 1039; x_wconf 91' lang='lat' dir='ltr'>opus</span> <span class='ocrx_word' id='word_1_101' title='bbox 685 980 942 1039; x_wconf 90' lang='lat' dir='ltr'>iniquitatis</span> <span class='ocrx_word' id='word_1_102' title='bbox 964 980 1134 1027; x_wconf 86' lang='lat' dir='ltr'>coierat</span> <span class='ocrx_word' id='word_1_103' title='bbox 1151 994 1165 1038; x_wconf 86' lang='lat'>;</span> <span class='ocrx_word' id='word_1_104' title='bbox 1192 992 1298 1038; x_wconf 89' lang='lat' dir='ltr'>pars</span> <span class='ocrx_word' id='word_1_105' title='bbox 1322 980 1624 1038; x_wconf 83' lang='lat' dir='ltr'>imperabant,</span> <span class='ocrx_word' id='word_1_106' title='bbox 1649 993 1754 1038; x_wconf 86' lang='lat' dir='ltr'>pars</span> <span class='ocrx_word' id='word_1_107' title='bbox 1777 981 1926 1027; x_wconf 87' lang='lat' dir='ltr'>archi-</span> 
     </span>
     <span class='ocr_line' id='line_1_13' title="bbox 297 1053 1926 1112; baseline 0 -12"><span class='ocrx_word' id='word_1_108' title='bbox 297 1056 606 1110; x_wconf 85' lang='lat' dir='ltr'>tectabantur,</span> <span class='ocrx_word' id='word_1_109' title='bbox 641 1066 744 1112; x_wconf 89' lang='lat' dir='ltr'>pars</span> <span class='ocrx_word' id='word_1_110' title='bbox 775 1066 932 1099; x_wconf 90' lang='lat' dir='ltr'>muros</span> <span class='ocrx_word' id='word_1_111' title='bbox 963 1053 1286 1110; x_wconf 85' lang='lat' dir='ltr'>moliebantur,</span> <span class='ocrx_word' id='word_1_112' title='bbox 1320 1065 1434 1110; x_wconf 74' lang='lat' dir='ltr'>vpars</span> <span class='ocrx_word' id='word_1_113' title='bbox 1464 1053 1720 1099; x_wconf 88' lang='lat' dir='ltr'>amussibus</span> <span class='ocrx_word' id='word_1_114' title='bbox 1751 1055 1926 1112; x_wconf 84' lang='lat' dir='ltr'>tegula-</span> 
     </span>
    </p>
   </div>
   <div class='ocr_carea' id='block_1_3' title="bbox 297 1126 2003 1186">
    <p class='ocr_par' dir='ltr' id='par_1_3' title="bbox 297 1126 2003 1186">
     <span class='ocr_line' id='line_1_14' title="bbox 297 1126 2003 1186; baseline -0.002 -13"><span class='ocrx_word' id='word_1_115' title='bbox 297 1129 424 1184; x_wconf 88' lang='lat' dir='ltr'>bant,</span> <span class='ocrx_word' id='word_1_116' title='bbox 453 1140 558 1185; x_wconf 90' lang='lat' dir='ltr'>pars</span> <span class='ocrx_word' id='word_1_117' title='bbox 585 1127 733 1173; x_wconf 89' lang='lat' dir='ltr'>trullis</span> <span class='ocrx_word' id='word_1_118' title='bbox 752 1127 973 1183; x_wconf 89' lang='lat' dir='ltr'>linebant,</span> <span class='ocrx_word' id='word_1_119' title='bbox 1000 1138 1105 1184; x_wconf 88' lang='lat' dir='ltr'>pars</span> <span class='ocrx_word' id='word_1_120' title='bbox 1126 1126 1336 1172; x_wconf 87' lang='lat' dir='ltr'>scindere</span> <span class='ocrx_word' id='word_1_121' title='bbox 1360 1138 1516 1186; x_wconf 86' lang='lat' dir='ltr'>rupes,</span> <span class='ocrx_word' id='word_1_122' title='bbox 1542 1139 1648 1185; x_wconf 89' lang='lat' dir='ltr'>pars</span> <span class='ocrx_word' id='word_1_123' title='bbox 1667 1127 1798 1185; x_wconf 91' lang='lat' dir='ltr'>mari,</span> <span class='ocrx_word' id='word_1_124' title='bbox 1822 1139 1926 1186; x_wconf 89' lang='lat' dir='ltr'>pars</span> <span class='ocrx_word' id='word_1_125' title='bbox 1973 1153 1975 1155; x_wconf 91' lang='lat'><em>-</em></span> <span class='ocrx_word' id='word_1_126' title='bbox 2001 1167 2003 1169; x_wconf 84' lang='lat'>.</span> 
     </span>
    </p>
   </div>
   <div class='ocr_carea' id='block_1_4' title="bbox 296 1200 1931 2137">
    <p class='ocr_par' dir='ltr' id='par_1_4' title="bbox 296 1200 1931 2137">
     <span class='ocr_line' id='line_1_15' title="bbox 298 1200 1926 1259; baseline 0.001 -13"><span class='ocrx_word' id='word_1_127' title='bbox 298 1207 435 1247; x_wconf 71' lang='lat' dir='ltr'>terrae</span> <span class='ocrx_word' id='word_1_128' title='bbox 460 1201 764 1247; x_wconf 87' lang='lat' dir='ltr'>intendebant</span> <span class='ocrx_word' id='word_1_129' title='bbox 791 1201 977 1256; x_wconf 86' lang='lat' dir='ltr'>vehere,</span> <span class='ocrx_word' id='word_1_130' title='bbox 997 1206 1244 1258; x_wconf 90' lang='lat' dir='ltr'>partesque</span> <span class='ocrx_word' id='word_1_131' title='bbox 1263 1200 1458 1247; x_wconf 87' lang='lat' dir='ltr'>diversae</span> <span class='ocrx_word' id='word_1_132' title='bbox 1482 1201 1676 1257; x_wconf 83' lang='lat' dir='ltr'>diversis</span> <span class='ocrx_word' id='word_1_133' title='bbox 1699 1201 1797 1247; x_wconf 91' lang='lat' dir='ltr'>aliis</span> <span class='ocrx_word' id='word_1_134' title='bbox 1820 1213 1926 1259; x_wconf 91' lang='lat' dir='ltr'>ope-</span> 
     </span>
     <span class='ocr_line' id='line_1_16' title="bbox 296 1273 1927 1334; baseline -0.001 -14"><span class='ocrx_word' id='word_1_135' title='bbox 296 1275 423 1320; x_wconf 89' lang='lat' dir='ltr'>ribus</span> <span class='ocrx_word' id='word_1_136' title='bbox 448 1274 759 1331; x_wconf 80' lang='lat' dir='ltr'>indulgebant,</span> <span class='ocrx_word' id='word_1_137' title='bbox 786 1286 895 1319; x_wconf 88' lang='lat' dir='ltr'>cum</span> <span class='ocrx_word' id='word_1_138' title='bbox 922 1273 1099 1320; x_wconf 86' lang='lat' dir='ltr'>caelitus</span> <span class='ocrx_word' id='word_1_139' title='bbox 1126 1280 1254 1320; x_wconf 88' lang='lat' dir='ltr'>tanta</span> <span class='ocrx_word' id='word_1_140' title='bbox 1285 1275 1553 1321; x_wconf 86' lang='lat' dir='ltr'>confusione</span> <span class='ocrx_word' id='word_1_141' title='bbox 1576 1273 1781 1334; x_wconf 86' lang='lat' dir='ltr'>percussi</span> <span class='ocrx_word' id='word_1_142' title='bbox 1799 1279 1927 1330; x_wconf 88' lang='lat' dir='ltr'>sunt,</span> 
     </span>
     <span class='ocr_line' id='line_1_17' title="bbox 297 1346 1928 1407; baseline -0.001 -13"><span class='ocrx_word' id='word_1_143' title='bbox 297 1355 351 1395; x_wconf 90' lang='lat' dir='ltr'>ut</span> <span class='ocrx_word' id='word_1_144' title='bbox 377 1349 457 1406; x_wconf 91' lang='lat' dir='ltr'>qui</span> <span class='ocrx_word' id='word_1_145' title='bbox 483 1359 642 1393; x_wconf 89' lang='lat' dir='ltr'>omnes</span> <span class='ocrx_word' id='word_1_146' title='bbox 666 1359 759 1393; x_wconf 91' lang='lat' dir='ltr'>una</span> <span class='ocrx_word' id='word_1_147' title='bbox 785 1348 1038 1404; x_wconf 86' lang='lat' dir='ltr'>eademque</span> <span class='ocrx_word' id='word_1_148' title='bbox 1069 1347 1248 1404; x_wconf 85' lang='lat' dir='ltr'>loquela</span> <span class='ocrx_word' id='word_1_149' title='bbox 1281 1346 1604 1395; x_wconf 87' lang='lat' dir='ltr'>deserviebant</span> <span class='ocrx_word' id='word_1_150' title='bbox 1635 1348 1693 1393; x_wconf 93' lang='lat' dir='ltr'>ad</span> <span class='ocrx_word' id='word_1_151' title='bbox 1716 1359 1845 1407; x_wconf 80' lang='lat' dir='ltr'>opuS,</span> <span class='ocrx_word' id='word_1_152' title='bbox 1871 1347 1928 1392; x_wconf 90' lang='lat' dir='ltr'>ab</span> 
     </span>
     <span class='ocr_line' id='line_1_18' title="bbox 297 1420 1930 1480; baseline -0.002 -12"><span class='ocrx_word' id='word_1_153' title='bbox 297 1434 436 1480; x_wconf 90' lang='lat' dir='ltr'>opere</span> <span class='ocrx_word' id='word_1_154' title='bbox 476 1421 633 1468; x_wconf 82' lang='lat' dir='ltr'>multis</span> <span class='ocrx_word' id='word_1_155' title='bbox 665 1420 962 1468; x_wconf 88' lang='lat' dir='ltr'>diversificati</span> <span class='ocrx_word' id='word_1_156' title='bbox 993 1421 1184 1479; x_wconf 87' lang='lat' dir='ltr'>loquelis</span> <span class='ocrx_word' id='word_1_157' title='bbox 1215 1421 1496 1478; x_wconf 91' lang='lat' dir='ltr'>desinerent,</span> <span class='ocrx_word' id='word_1_158' title='bbox 1529 1427 1576 1468; x_wconf 89' lang='lat' dir='ltr'>et</span> <span class='ocrx_word' id='word_1_159' title='bbox 1600 1433 1842 1479; x_wconf 90' lang='lat' dir='ltr'>nunquam</span> <span class='ocrx_word' id='word_1_160' title='bbox 1871 1421 1930 1466; x_wconf 90' lang='lat' dir='ltr'>ad</span> 
     </span>
     <span class='ocr_line' id='line_1_19' title="bbox 298 1492 1929 1542; baseline 0 -2"><span class='ocrx_word' id='word_1_161' title='bbox 298 1495 420 1540; x_wconf 85' lang='lat' dir='ltr'>idem</span> <span class='ocrx_word' id='word_1_162' title='bbox 446 1494 777 1540; x_wconf 90' lang='lat' dir='ltr'>commercium</span> <span class='ocrx_word' id='word_1_163' title='bbox 804 1492 1124 1539; x_wconf 89' lang='lat' dir='ltr'>convenirent.</span> <span class='ocrx_word' id='word_1_164' title='bbox 1151 1493 1263 1539; x_wconf 90' lang='lat' dir='ltr'>Solis</span> <span class='ocrx_word' id='word_1_165' title='bbox 1288 1493 1461 1539; x_wconf 90' lang='lat' dir='ltr'>etenim</span> <span class='ocrx_word' id='word_1_166' title='bbox 1473 1493 1521 1538; x_wconf 92' lang='lat' dir='ltr'>in</span> <span class='ocrx_word' id='word_1_167' title='bbox 1536 1506 1630 1540; x_wconf 89' lang='lat' dir='ltr'>uno</span> <span class='ocrx_word' id='word_1_168' title='bbox 1650 1494 1929 1542; x_wconf 86' lang='lat' dir='ltr'>convenien-</span> 
     </span>
     <span class='ocr_line' id='line_1_20' title="bbox 300 1565 1931 1625; baseline 0 -13"><span class='ocrx_word' id='word_1_169' title='bbox 300 1567 423 1612; x_wconf 89' lang='lat' dir='ltr'>tibus</span> <span class='ocrx_word' id='word_1_170' title='bbox 453 1572 563 1613; x_wconf 88' lang='lat' dir='ltr'>actu</span> <span class='ocrx_word' id='word_1_171' title='bbox 589 1567 747 1612; x_wconf 89' lang='lat' dir='ltr'>eadem</span> <span class='ocrx_word' id='word_1_172' title='bbox 779 1565 955 1623; x_wconf 89' lang='lat' dir='ltr'>loquela</span> <span class='ocrx_word' id='word_1_173' title='bbox 988 1566 1226 1623; x_wconf 88' lang='lat' dir='ltr'>remansit,</span> <span class='ocrx_word' id='word_1_174' title='bbox 1259 1572 1371 1625; x_wconf 91' lang='lat' dir='ltr'>puta</span> <span class='ocrx_word' id='word_1_175' title='bbox 1404 1566 1585 1613; x_wconf 91' lang='lat' dir='ltr'>cunctis</span> <span class='ocrx_word' id='word_1_176' title='bbox 1615 1567 1931 1614; x_wconf 89' lang='lat' dir='ltr'>architectori-</span> 
     </span>
     <span class='ocr_line' id='line_1_21' title="bbox 299 1638 1931 1698; baseline 0.001 -12"><span class='ocrx_word' id='word_1_177' title='bbox 299 1641 385 1686; x_wconf 90' lang='lat' dir='ltr'>bus</span> <span class='ocrx_word' id='word_1_178' title='bbox 410 1653 520 1696; x_wconf 89' lang='lat' dir='ltr'>una,</span> <span class='ocrx_word' id='word_1_179' title='bbox 553 1639 733 1686; x_wconf 88' lang='lat' dir='ltr'>cunctis</span> <span class='ocrx_word' id='word_1_180' title='bbox 766 1651 876 1685; x_wconf 84' lang='lat' dir='ltr'>saxa</span> <span class='ocrx_word' id='word_1_181' title='bbox 902 1638 1202 1685; x_wconf 85' lang='lat' dir='ltr'>volventibus</span> <span class='ocrx_word' id='word_1_182' title='bbox 1232 1652 1340 1696; x_wconf 88' lang='lat' dir='ltr'>una,</span> <span class='ocrx_word' id='word_1_183' title='bbox 1373 1640 1556 1686; x_wconf 90' lang='lat' dir='ltr'>cunctis</span> <span class='ocrx_word' id='word_1_184' title='bbox 1587 1652 1638 1686; x_wconf 90' lang='lat' dir='ltr'>ea</span> <span class='ocrx_word' id='word_1_185' title='bbox 1665 1642 1931 1698; x_wconf 81' lang='lat' dir='ltr'>parantibus</span> 
     </span>
     <span class='ocr_line' id='line_1_22' title="bbox 299 1712 1927 1772; baseline 0 -12"><span class='ocrx_word' id='word_1_186' title='bbox 299 1728 408 1771; x_wconf 89' lang='lat' dir='ltr'>una,</span> <span class='ocrx_word' id='word_1_187' title='bbox 445 1720 491 1760; x_wconf 88' lang='lat' dir='ltr'>et</span> <span class='ocrx_word' id='word_1_188' title='bbox 528 1714 595 1760; x_wconf 88' lang='lat' dir='ltr'>sic</span> <span class='ocrx_word' id='word_1_189' title='bbox 629 1715 685 1759; x_wconf 93' lang='lat' dir='ltr'>de</span> <span class='ocrx_word' id='word_1_190' title='bbox 717 1712 909 1770; x_wconf 80' lang='lat' dir='ltr'>singulis</span> <span class='ocrx_word' id='word_1_191' title='bbox 951 1713 1250 1771; x_wconf 87' lang='lat' dir='ltr'>operantibus</span> <span class='ocrx_word' id='word_1_192' title='bbox 1289 1713 1472 1760; x_wconf 91' lang='lat' dir='ltr'>accidit.</span> <span class='ocrx_word' id='word_1_193' title='bbox 1514 1714 1750 1772; x_wconf 88' lang='lat' dir='ltr'>Quotquot</span> <span class='ocrx_word' id='word_1_194' title='bbox 1774 1721 1927 1761; x_wconf 90' lang='lat' dir='ltr'>autem</span> 
     </span>
     <span class='ocr_line' id='line_1_23' title="bbox 300 1785 1931 1844; baseline -0.001 -10"><span class='ocrx_word' id='word_1_195' title='bbox 300 1788 515 1835; x_wconf 86' lang='lat' dir='ltr'>exercitii</span> <span class='ocrx_word' id='word_1_196' title='bbox 539 1788 791 1835; x_wconf 88' lang='lat' dir='ltr'>varietates</span> <span class='ocrx_word' id='word_1_197' title='bbox 814 1787 1065 1832; x_wconf 89' lang='lat' dir='ltr'>tendebant</span> <span class='ocrx_word' id='word_1_198' title='bbox 1090 1785 1147 1832; x_wconf 91' lang='lat' dir='ltr'>ad</span> <span class='ocrx_word' id='word_1_199' title='bbox 1172 1798 1305 1844; x_wconf 83' lang='lat' dir='ltr'>opuS,</span> <span class='ocrx_word' id='word_1_200' title='bbox 1330 1791 1469 1832; x_wconf 89' lang='lat' dir='ltr'>tottot</span> <span class='ocrx_word' id='word_1_201' title='bbox 1494 1786 1787 1833; x_wconf 89' lang='lat' dir='ltr'>idiomatibus</span> <span class='ocrx_word' id='word_1_202' title='bbox 1817 1792 1931 1834; x_wconf 90' lang='lat' dir='ltr'>tunc</span> 
     </span>
     <span class='ocr_line' id='line_1_24' title="bbox 300 1855 1930 1915; baseline -0.001 -12"><span class='ocrx_word' id='word_1_203' title='bbox 300 1869 445 1915; x_wconf 79' lang='lat' dir='ltr'>genus</span> <span class='ocrx_word' id='word_1_204' title='bbox 474 1858 730 1902; x_wconf 89' lang='lat' dir='ltr'>humanum</span> <span class='ocrx_word' id='word_1_205' title='bbox 762 1856 1039 1914; x_wconf 82' lang='lat' dir='ltr'>disjungitur</span> <span class='ocrx_word' id='word_1_206' title='bbox 1055 1869 1071 1913; x_wconf 79' lang='lat'><em>3</em></span> <span class='ocrx_word' id='word_1_207' title='bbox 1112 1861 1159 1902; x_wconf 89' lang='lat' dir='ltr'>et</span> <span class='ocrx_word' id='word_1_208' title='bbox 1186 1861 1362 1914; x_wconf 90' lang='lat' dir='ltr'>quanto</span> <span class='ocrx_word' id='word_1_209' title='bbox 1399 1855 1703 1902; x_wconf 85' lang='lat' dir='ltr'>excellentius</span> <span class='ocrx_word' id='word_1_210' title='bbox 1741 1867 1930 1902; x_wconf 88' lang='lat' dir='ltr'>exerce-</span> 
     </span>
     <span class='ocr_line' id='line_1_25' title="bbox 303 1930 1929 1990; baseline -0.002 -11"><span class='ocrx_word' id='word_1_211' title='bbox 303 1935 426 1987; x_wconf 89' lang='lat' dir='ltr'>bant,</span> <span class='ocrx_word' id='word_1_212' title='bbox 454 1939 582 1979; x_wconf 91' lang='lat' dir='ltr'>tanto</span> <span class='ocrx_word' id='word_1_213' title='bbox 606 1933 770 1978; x_wconf 89' lang='lat' dir='ltr'>rudius</span> <span class='ocrx_word' id='word_1_214' title='bbox 795 1945 923 1978; x_wconf 86' lang='lat' dir='ltr'>nunc</span> <span class='ocrx_word' id='word_1_215' title='bbox 945 1938 991 1978; x_wconf 92' lang='lat' dir='ltr'>et</span> <span class='ocrx_word' id='word_1_216' title='bbox 1018 1932 1257 1978; x_wconf 90' lang='lat' dir='ltr'>barbarius</span> <span class='ocrx_word' id='word_1_217' title='bbox 1282 1932 1550 1990; x_wconf 88' lang='lat' dir='ltr'>loquuntur.</span> <span class='ocrx_word' id='word_1_218' title='bbox 1578 1930 1754 1987; x_wconf 86' lang='lat' dir='ltr'>Quibus</span> <span class='ocrx_word' id='word_1_219' title='bbox 1772 1935 1929 1976; x_wconf 91' lang='lat' dir='ltr'>autem</span> 
     </span>
     <span class='ocr_line' id='line_1_26' title="bbox 302 2003 1927 2062; baseline -0.001 -10"><span class='ocrx_word' id='word_1_220' title='bbox 302 2013 516 2053; x_wconf 91' lang='lat' dir='ltr'>sanctum</span> <span class='ocrx_word' id='word_1_221' title='bbox 550 2007 716 2052; x_wconf 89' lang='lat' dir='ltr'>idioma</span> <span class='ocrx_word' id='word_1_222' title='bbox 747 2007 985 2062; x_wconf 88' lang='lat' dir='ltr'>remansit,</span> <span class='ocrx_word' id='word_1_223' title='bbox 1022 2018 1110 2051; x_wconf 89' lang='lat' dir='ltr'>nec</span> <span class='ocrx_word' id='word_1_224' title='bbox 1135 2006 1343 2062; x_wconf 91' lang='lat' dir='ltr'>aderant,</span> <span class='ocrx_word' id='word_1_225' title='bbox 1377 2017 1466 2051; x_wconf 84' lang='lat' dir='ltr'>nec</span> <span class='ocrx_word' id='word_1_226' title='bbox 1501 2003 1780 2051; x_wconf 87' lang='lat' dir='ltr'>exercitium</span> <span class='ocrx_word' id='word_1_227' title='bbox 1804 2016 1927 2051; x_wconf 90' lang='lat' dir='ltr'>com-</span> 
     </span>
     <span class='ocr_line' id='line_1_27' title="bbox 303 2075 1931 2137; baseline -0.002 -11"><span class='ocrx_word' id='word_1_228' title='bbox 303 2081 578 2126; x_wconf 88' lang='lat' dir='ltr'>mendabant</span> <span class='ocrx_word' id='word_1_229' title='bbox 595 2093 609 2136; x_wconf 80' lang='lat'>3</span> <span class='ocrx_word' id='word_1_230' title='bbox 645 2079 726 2125; x_wconf 88' lang='lat' dir='ltr'>sed</span> <span class='ocrx_word' id='word_1_231' title='bbox 756 2079 961 2137; x_wconf 82' lang='lat' dir='ltr'>graviter</span> <span class='ocrx_word' id='word_1_232' title='bbox 987 2079 1283 2130; x_wconf 90' lang='lat' dir='ltr'>detestantes,</span> <span class='ocrx_word' id='word_1_233' title='bbox 1318 2077 1616 2124; x_wconf 88' lang='lat' dir='ltr'>stoliditatem</span> <span class='ocrx_word' id='word_1_234' title='bbox 1641 2075 1931 2135; x_wconf 81' lang='lat' dir='ltr'>operantium</span> 
     </span>
    </p>
   </div>
  </div>
 </body>
</html>
