2054 3262
254 153 334 197 174
872 155 1012 192 LIBER
1045 155 1240 192 PRIMUS.

250 252 517 300 remansisse
529 265 543 307 3
565 250 644 309 qui
666 263 764 316 non¹
778 250 963 295 heroico
983 261 1123 306 more,
1148 250 1224 294 sed
1244 250 1403 306 plebeo
1424 256 1686 308 sequuntur
1706 263 1868 312 super·

254 325 383 370 biam.
416 323 459 369 Si
486 323 671 382 quidem
696 322 894 368 illustres
923 321 1084 367 heroes
1110 321 1361 366 Federicus
1393 320 1557 380 Caesar,
1583 328 1630 370 et
1654 324 1772 371 bene
1795 337 1868 383 ge·

258 399 377 443 nitus
402 398 497 455 ejus
528 397 803 453 Manfredus,
829 398 1109 443 nobilitatem
1140 410 1193 443 ac
1222 397 1548 443 rectitudinem
1578 410 1675 445 suae
1704 398 1865 446 formae

256 470 522 527 pandentes,
550 471 694 515 donec
720 470 904 515 fortuna
929 469 1194 527 permansit,
1219 470 1416 514 humana
1441 470 1588 516 secuti
1611 476 1737 528 sunt,
1762 472 1870 518 bru·

260 543 360 588 talia
389 542 685 599 dedignantes
705 555 714 586 :
741 547 928 599 propter
950 541 1074 598 quod
1094 541 1229 585 corde
1250 540 1435 597 nobiles,
1457 547 1596 600 atque
1617 542 1870 599 gratiarum

257 614 414 670 dotati,
435 614 660 658 inhaerere
687 619 919 658 tantorum
941 612 1200 670 principum
1222 610 1444 669 majestati
1467 613 1616 659 conati
1639 619 1778 660 sunt:
1805 614 1868 660 ita

257 686 381 744 quod
405 697 564 731 eorum
590 690 794 743 tempore
812 684 1031 742 quicquid
1054 684 1331 730 excellentes
1347 684 1616 732 Latinorum
1641 685 1871 733 eniteban-

259 764 350 814 tur,
378 757 590 815 primitus
614 758 661 802 in
687 763 919 802 tantorum
947 762 1268 801 coronatorum
1293 757 1392 802 aula
1419 758 1639 816 prodibat.
1673 759 1733 806 Et
1764 760 1870 818 quia

259 831 407 887 regale
427 830 589 876 solium
616 836 712 875 erat
740 829 902 885 Sicilia,
920 829 1092 874 factum
1115 834 1198 886 est,
1216 835 1268 874 ut
1285 829 1506 888 quicquid
1525 831 1670 877 nostri
1695 833 1870 890 praede-

260 915 460 950 cessores
499 904 753 960 vulgariter
796 903 1106 962 protulerunt,
1147 902 1402 948 sicilianum
1443 903 1702 951 vocetur:¹
1746 905 1873 965 quod

257 978 441 1037 quidem
471 977 724 1023 retinemus
749 981 794 1021 et
820 987 915 1032 nOS,
949 987 1034 1020 nec
1059 974 1228 1032 posteri
1266 974 1410 1020 nostri
1444 981 1712 1033 permutare
1748 976 1872 1023 vale·

257 1051 388 1096 bunt.
415 1050 589 1102 Racha,
618 1045 810 1093 Racha.²
842 1045 959 1102 Quid
988 1057 1113 1090 nunc
1139 1051 1352 1102 personat
1382 1047 1493 1091 tuba
1522 1046 1756 1093 novissimi
1786 1047 1872 1092 Fe·

259 1120 439 1167 derici‘?
463 1119 574 1178 quid
598 1117 958 1163 tintinnabulum
988 1116 1025 1161 II
1057 1115 1238 1162 Caroli?
1257 1115 1273 1142 ³
1304 1117 1416 1174 quid
1447 1130 1620 1164 cornua
1654 1119 1874 1166 ,Iohannis

259 1200 306 1240 et
332 1193 525 1239 Azzonis
556 1190 873 1237 marchionum
899 1188 1178 1246 potentum?
1197 1188 1213 1212 ἢ
1244 1189 1354 1247 quid
1384 1189 1575 1235 aliorum
1606 1196 1871 1248 magnatum

259 1266 419 1313 tibiae‘?
446 1266 548 1321 nisi,
583 1266 747 1315 Venite,
776 1264 1030 1320 carnificeS,
1075 1263 1235 1315 Venite,
1263 1263 1532 1319 altriplice&
1567 1265 1729 1319 Venite,
1762 1278 1872 1311 ava·

259 1342 383 1387 ritiae
405 1343 655 1385 sectatores.
700 1336 787 1381 Sed
816 1339 1004 1392 praestat
1044 1333 1101 1378 ad
1139 1334 1423 1391 propositum
1463 1336 1700 1393 repedare,
1733 1348 1871 1394 quam

259 1411 429 1457 frustra
455 1410 578 1468 loqui
599 1423 607 1454 :
642 1417 688 1454 et
714 1408 924 1462 dicimus,
951 1406 1074 1464 quod
1097 1406 1134 1451 si
1154 1407 1343 1463 vulgare
1370 1406 1632 1452 Sicilianum
1656 1408 1869 1466 accipere

261 1485 491 1540 volumuS,
523 1481 696 1528 scilicet
728 1481 854 1538 quod
883 1479 1093 1536 proditur
1123 1491 1148 1523 a
1179 1479 1419 1536 terrigenis
1453 1479 1775 1536 mediocribus,
1811 1493 1870 1527 ex

263 1570 341 1603 ore
373 1566 573 1614 quorum
599 1553 825 1610 Judicium
856 1550 1114 1595 elicendum
1147 1549 1350 1605 videtur,
1381 1551 1658 1608 praelationis
1684 1553 1872 1600 minime

263 1629 451 1685 dignum
493 1631 595 1682 est3
637 1624 743 1682 quia
782 1634 875 1668 non
915 1621 1012 1666 sine
1052 1620 1248 1679 quodam
1287 1627 1488 1680 tempore
1527 1623 1775 1682 profertur,
1816 1631 1871 1673 ut

263 1708 372 1759 puta
401 1700 489 1744 ilii:

513 1805 528 1819 ι
555 1785 757 1836 Traggemi
786 1785 913 1823 d'este
942 1785 1066 1822 focora
1094 1797 1134 1821 se
1161 1785 1277 1822 t’este
1302 1795 1325 1822 a
1351 1782 1574 1823 bolontate.⁵
1599 1802 1615 1817 ι

354 1884 400 1930 Si
425 1888 578 1928 autem
602 1881 753 1939 ipsum
776 1879 983 1937 accipere
1006 1878 1235 1934 nolumuS,
1259 1878 1339 1923 sed
1363 1879 1486 1937 quod
1513 1880 1569 1924 ah
1598 1892 1676 1925 ore
1705 1879 1870 1938 primo-

264 1967 371 2003 rum
397 1953 657 2000 Siculorum
675 1956 869 2007 emanat,
894 1956 946 1996 ut
964 1951 1010 1995 in
1027 1949 1323 2008 praeallegatis
1348 1950 1632 1996 cantionibus
1647 1951 1868 2009 perpendi

260 2088 262 2090 ’
302 2082 316 2109 ¹
344 2082 397 2117 Fu
423 2081 609 2116 chiamato
632 2078 818 2120 siciliam,
845 2076 943 2112 forse
960 2086 1030 2112 con

259 2133 291 2168 la
317 2132 523 2168 medesima
545 2130 697 2173 ragione
721 2130 823 2172 (nota
846 2129 871 2162 il
903 2128 1031 2163 Corbi-

260 2184 380 2226 nelli)‚
406 2182 503 2217 colla
523 2182 634 2225 quale
660 2180 867 2226 gl’ltaliani
898 2179 1032 2214 furono

258 2234 430 2271 cliiamati
459 2232 669 2273 lmmbardi,
694 2231 705 2265 i
730 2229 899 2265 cristiani
923 2230 1034 2264 Fran-

259 2285 334 2330 chi,
360 2294 367 2318 ι
393 2284 499 2319 Greci
527 2283 663 2318 romei.

303 2334 320 2358 ²
347 2334 476 2372 Rae-ha,
493 2342 585 2367 voce
609 2341 630 2365 o
655 2330 900 2366 interiezione
916 2329 1036 2364 ebrai-

258 2394 318 2426 ca,
334 2385 404 2419 che
422 2382 562 2418 trovasi
580 2383 668 2417 nell'
682 2381 886 2424 Evangelio
902 2380 937 2414 di
959 2380 1029 2414 San

257 2436 414 2473 Matheo,
431 2442 511 2476 cap.
530 2432 573 2476 V,
586 2433 643 2475 22,
661 2440 681 2466 e
699 2431 767 2466 che
785 2438 852 2473 pur
868 2429 928 2463 dal
947 2438 1035 2464 con-

258 2487 357 2521 testo
378 2483 555 2519 deducesi
581 2491 741 2517 suonare
764 2481 963 2525 oltraggio.
991 2480 1032 2514 Di

261 2543 344 2570 essa
369 2534 454 2569 dice
470 2533 495 2567 il
516 2534 567 2567 Du
586 2531 739 2567 Hamel:
762 2540 841 2574 quoe
857 2539 930 2563 vooe
944 2539 1033 2563 com-

259 2586 347 2619 moti
361 2587 502 2617 tamum
517 2583 632 2616 animi
655 2580 821 2624 affectum
846 2579 1035 2622 significat,

259 2637 300 2668 ut
330 2632 506 2677 pleroeque
537 2629 818 2673 interjectiones:
861 2632 946 2662 sunt
974 2629 1036 2672 qui

258 2687 406 2729 sputum
422 2693 462 2716 ea
477 2690 557 2715 voce
572 2680 757 2724 desiqnari
770 2682 911 2724 putent.

303 2733 320 2775 {³
348 2732 528 2776 Federigo
552 2741 613 2767 era
639 2740 681 2766 re
711 2729 749 2764 di
783 2729 925 2776 Sicilia,
949 2728 1038 2764 Car—

260 2783 298 2820 lo
320 2783 349 2818 ll
373 2783 411 2817 di
437 2781 578 2826 Puglia.
603 2779 785 2822 Federigo
808 2788 829 2814 e
863 2777 973 2813 Cario
1006 2778 1035 2812 ll

259 2842 328 2868 son
368 2832 429 2868 dal
466 2833 579 2868 Poeta
612 2827 803 2866 biasimati
827 2828 944 2863 ¹*ncne
976 2826 1038 2863 nel

259 2883 422 2919 l’oema:

1151 2078 1260 2112 lacopo
1274 2084 1290 2104 e
1306 2076 1458 2112 Pederlgo
1470 2075 1571 2105 hauno
1583 2077 1593 2105 ἰ
1607 2077 1716 2112 renni.

1148 2118 1195 2148 Ha
1205 2119 1225 2146 'l
1239 2118 1378 2154 retsnggio
1392 2118 1513 2153 miglior
1525 2125 1645 2146 nessun
1658 2119 1813 2154 poesiede.

1459 2160 1553 2195 Purg.
1570 2161 1642 2194 vll,
1655 2168 1686 2189 v.
1699 2162 1833 2190 119420.

1152 2216 1237 2246 Onde
1251 2216 1358 2253 Puglia
1373 2225 1390 2244 e
1405 2216 1559 2244 provenza
1574 2215 1624 2251 git
1637 2216 1663 2243 si
1677 2216 1783 2245 duola.

1546 2257 1604 2291 lvi.
1619 2264 1651 2285 v.
1664 2257 1729 2286 12⁶.

1102 2319 1130 2354 E
1154 2320 1219 2365 qui
1245 2318 1397 2355 intende
1420 2318 1456 2352 di
1483 2317 1594 2354 Cario
1619 2317 1666 2352 ll.

1145 2369 1163 2396 ¹⁶
1187 2370 1317 2412 Questi
1343 2371 1415 2405 due
1441 2369 1585 2414 potenti
1612 2369 1796 2416 marchesi
1816 2379 1876 2407 so·

1102 2430 1150 2456 no
1174 2421 1356 2457 Giovanni
1384 2419 1396 2454 l
1420 2421 1456 2455 di
1482 2419 1723 2463 Montanum,
1747 2421 1795 2456 ed
1813 2426 1881 2457 Az-

1102 2481 1194 2507 zone
1220 2470 1300 2505 Vlll
1324 2470 1372 2505 da
1397 2469 1499 2504 Este.

1146 2518 1164 2547 ὅ
1189 2510 1216 2555 E
1242 2519 1267 2554 il
1291 2521 1394 2554 terzo
1425 2526 1536 2553 verso
1564 2517 1627 2554 del
1658 2521 1881 2555 sei-ventoso

1101 2569 1140 2604 di
1162 2568 1287 2605 Ciullo
1318 2566 1532 2608 d'Alcamo,
1565 2566 1635 2602 che
1660 2567 1879 2604 comincia:

1104 2619 1197 2656 Rosa
1223 2620 1342 2664 fresca
1371 2617 1634 2659 ualentissima,
1663 2617 1724 2651 dte
1749 2620 1884 2663 appari

1103 2671 1206 2706 iuver
1222 2671 1245 2706 ι’
1258 2673 1378 2705 estate.
1398 2668 1547 2713 Focora,
1559 2666 1700 2712 mcclii,
1716 2667 1880 2708 flamme.

1105 2722 1125 2757 e
1149 2723 1241 2757 fatto
1265 2721 1338 2756 alla
1364 2719 1486 2765 roggia
1502 2719 1539 2756 di
1556 2727 1721 2765 corpora,
1738 2729 1883 2764 campo·

1105 2783 1163 2812 ra,
1182 2773 1333 2817 boryora
1357 2779 1413 2806 ec.
1440 2770 1483 2805 Se
1501 2769 1615 2811 reste,
1649 2777 1692 2804 se
1728 2769 1756 2803 ti
1787 2768 1824 2810 ὁ,
1853 2771 1884 2803 n

1105 2824 1170 2858 tibi
1185 2827 1249 2859 ese.
1271 2821 1468 2862 Boloncate,
1492 2819 1702 2863 volontate,
1721 2819 1882 2856 cambia·

1108 2877 1147 2910 to
1172 2873 1199 2910 il
1221 2884 1244 2909 v
1268 2873 1307 2908 in
1333 2872 1367 2915 b,
1391 2879 1499 2907 come
1520 2865 1564 2906 ‘in
1587 2869 1678 2916 bace,
1694 2869 1797 2908 bebba
1811 2879 1871 2907 ec.
