2054 3262
287 140 368 185 154
917 153 1060 190 mmm
1090 153 1287 191 PmMUS.

282 243 569 301 propositum
594 245 805 305 dicimuS,
833 254 1009 294 certam
1033 247 1225 292 formam
1249 247 1492 294 locutionis
1515 261 1541 294 a
1568 248 1663 295 Deo
1687 260 1795 296 cum
1816 249 1907 295 ani·

283 325 355 358 ma
381 314 526 372 prima
549 322 841 362 concreatam
865 316 1004 363 fuisse
1019 331 1035 375 3
1061 317 1162 363 dico
1187 322 1347 363 autem
1376 317 1584 374 sormam,
1611 323 1659 364 et
1683 324 1910 377 quantum

277 389 339 435 ad
368 402 529 435 rerum
553 391 794 450 vocabula,
827 398 872 438 et
905 386 1133 450 quantum
1163 391 1220 436 ad
1243 391 1571 438 vocabulorum
1605 393 1911 439 constructio·

282 476 405 520 nem,
433 469 478 509 et
501 471 727 523 quantum
757 468 814 513 ad
841 467 1199 514 constructionis
1229 467 1530 526 prolationem
1545 480 1560 524 ;
1594 479 1686 525 qua
1723 467 1910 526 quidem

275 537 424 583 forma
449 538 595 584 omnis
623 538 777 596 lingua
802 540 1094 598 loquentium
1117 545 1350 596 uteretur,
1381 538 1468 585 nisi
1493 539 1627 598 culpa
1657 551 1909 599 praesump·

281 610 416 657 tionis
446 610 659 657 humanae
706 612 921 670 dissipata
963 612 1140 669 fuisset,
1188 617 1242 658 ut
1277 611 1469 657 inferius
1499 612 1783 658 ostendetur.
1816 613 1910 659 Hac

277 683 425 729 forma
446 684 690 731 locutionis
711 686 894 732 locutus
911 691 979 731 est
1004 685 1167 743 Adam,
1192 685 1277 732 hac
1294 685 1436 732 forma
1457 686 1600 732 locuti
1620 692 1731 733 sunt
1751 699 1910 733 omnes

278 756 449 814 posteri
480 755 577 813 ejus
607 768 756 814 usque
787 755 845 801 ad
882 755 1231 802 aedificationem
1266 754 1408 801 turris
1442 754 1597 811 Babel,
1628 768 1735 814 quae
1767 757 1909 803 turris

278 829 557 876 confusionis
599 830 963 887 interpretatur:
995 829 1113 875 hanc
1152 828 1344 875 formam
1382 827 1628 876 locutionis
1665 829 1909 876 hereditati

269 908 386 948 -sunt
412 902 487 947 filii
509 903 677 959 Heber,
704 902 784 960 qui
814 902 870 947 ab
897 914 950 948 eo
975 901 1084 948 dicti
1109 906 1219 948 sunt
1244 901 1440 947 Hebraei.
1466 901 1524 947 Iis
1543 901 1648 948 solis
1670 908 1772 961 post
1799 915 1906 954 con-
1963 912 1965 914 ·

273 976 501 1022 fusionem
533 976 770 1033 remansit,
802 981 857 1022 ut
887 976 1171 1034 Redemptor
1202 981 1374 1032 noster,
1407 975 1488 1033 qui
1513 987 1573 1021 ex
1595 975 1680 1021 illis
1703 966 1908 1023 oriturus

275 1055 377 1095 erat
407 1050 665 1096 secundum
694 1050 1048 1106 humanitatem,
1074 1061 1167 1094 non
1198 1048 1352 1106 lingua
1378 1047 1673 1106 confusionis,
1705 1049 1788 1095 sed
1810 1061 1908 1107 gra·

275 1122 353 1169 tiae
378 1123 631 1170 frueretur.
666 1125 774 1170 Fuit
810 1136 918 1181 ergo
949 1124 1217 1170 hebraicum
1242 1122 1407 1168 idioma
1436 1122 1498 1179 id,
1524 1122 1648 1181 quod
1672 1122 1812 1181 primi
1841 1123 1905 1169 lo-

272 1195 461 1256 quentis
484 1195 600 1240 labia
621 1195 988 1243 fabricaverunt.

944 1455 1108 1505 CAPUT
1140 1457 1232 1505 Vll,

635 1601 691 1640 Dc
719 1601 909 1641 divisione
937 1604 1126 1641 sermonis
1155 1604 1194 1640 in
1222 1603 1356 1653 plures
1383 1603 1549 1655 linguas.

359 1708 582 1767 Dispudet
606 1710 699 1757 heu
724 1724 852 1757 nunc
876 1710 1065 1756 humani
1090 1711 1270 1769 generis
1303 1711 1599 1770 ignominiam
1626 1716 1860 1760 'renovare
1884 1714 1895 1761 ξ

269 1782 361 1828 Sed
391 1785 497 1841 quia
521 1785 765 1842 praeterire
795 1798 890 1831 non
922 1798 1179 1844 possumuS,
1211 1786 1325 1845 quin
1356 1792 1644 1834 transeamus
1668 1799 1752 1845 per
1780 1787 1899 1833 illam

262 1855 574 1916 (quamquam
603 1859 748 1915 rubor
779 1858 827 1904 in
858 1871 936 1904 ora
959 1864 1221 1915 consurgat,
1257 1858 1530 1916 animusque
1554 1858 1773 1919 refugiat)
1798 1871 1902 1917 per-

269 1941 526 1976 curremus,
557 1929 625 1976 Oh
649 1943 830 1989 semper
855 1937 1013 1977 nostra
1037 1936 1208 1977 natura
1229 1929 1373 1988 prOna
1397 1930 1614 1988 peccatiS,
1645 1930 1705 1976 oh
1733 1931 1791 1976 ab
1815 1930 1901 1976 ini-

270 2004 348 2061 tio,
371 2011 418 2051 et
443 2018 682 2063 nunquam
709 2006 922 2052 desinens
947 2006 1263 2065 nequitatrixl
1302 2017 1414 2051 num
1441 2005 1591 2051 fuerat
1623 2004 1732 2051 satis
1750 2004 1809 2050 ad
1831 2005 1901 2050 tui

264 2079 628 2137 corruptionem,
651 2081 775 2138 quod
798 2093 882 2139 per
903 2081 1099 2139 primam
1123 2079 1557 2139 praevaricationem
1577 2078 1807 2124 eliminata
1825 2079 1900 2124 de-

263 2154 468 2200 litiarum
505 2154 724 2199 exulahas
759 2166 784 2199 a
817 2154 965 2212 patria
987 2153 1010 2198 *ἲ
1051 2165 1164 2198 num
1194 2152 1304 2198 satis
1334 2151 1460 2210 quod
1482 2163 1566 2210 per
1590 2150 1900 2198 universalem

256 2228 443 2274 familiae
485 2233 580 2273 tuae
623 2227 859 2273 luxuriem
896 2233 942 2273 et
975 2227 1262 2283 trucitatem,
1303 2226 1442 2272 unica
1476 2231 1716 2273 reservata
1747 2225 1899 2282 dom0,

256 2302 487 2362 quicquid
514 2303 581 2348 tui
602 2301 721 2360 juris
738 2307 837 2348 erat
855 2301 1134 2359 cataclysmo
1152 2298 1391 2358 perierat?
1417 2305 1464 2346 et
1481 2311 1639 2358 poenas
1653 2299 1899 2355 malorum,

261 2388 368 2434 quae
395 2375 691 2421 commiseras
723 2381 793 2432 tu,
824 2374 1035 2420 animalia
1067 2373 1262 2431 caelique
1287 2378 1522 2431 terraeque
1548 2372 1643 2430 jam
1680 2371 1899 2418 luerant‘?

261 2448 436 2506 Quippe
462 2448 574 2493 satis
599 2448 819 2493 extiterat
835 2461 850 2505 3
876 2448 959 2493 sed
983 2447 1105 2494 sicut
1129 2446 1483 2505 proverbialiter
1514 2445 1606 2493 dici
1635 2445 1766 2501 solet,
1793 2447 1898 2494 Non

250 2525 364 2568 ‚ante
411 2523 597 2568 tertiam
638 2523 873 2581 equitabis,
923 2520 1090 2567 misera
1133 2520 1358 2567 miserum
1404 2520 1567 2568 venire
1607 2519 1808 2566 maluisti
1839 2520 1896 2566 ad

258 2608 448 2654 equum.
474 2595 614 2654 Ecce,
646 2597 810 2653 lector,
852 2597 977 2655 quod
1011 2597 1088 2644 vel
1128 2596 1296 2642 oblitus
1319 2596 1471 2654 hom0,
1496 2595 1574 2643 vel
1605 2595 1896 2654 vilipendens

258 2669 517 2727 disciplinas
549 2670 740 2728 prioreS,
767 2677 812 2717 et
836 2676 1054 2717 avertens
1086 2671 1242 2716 oculos
1266 2683 1291 2716 a
1317 2669 1560 2727 vibicibuS,
1582 2681 1688 2728 quae
1713 2681 1895 2715 reman-

248 2747 430 2799 serant,
469 2743 607 2788 tertio
643 2742 897 2790 insurrexit
940 2744 998 2790 ad
1041 2744 1237 2792 verbera
1261 2754 1360 2802 per
1391 2742 1655 2801 superbiam
1685 2753 1818 2789 suam
1848 2749 1895 2789 et
