2054 3262
266 158 351 204 428
685 158 904 204 QUAESTm
938 157 999 194 DE
1031 155 1163 199 AQUA
1191 154 1255 192 ΕΤ
1287 154 1461 191 TERRA.
2007 0 2054 319 1

267 267 377 310 erat,
396 259 597 317 primum
628 249 950 311 consequentis
979 247 1240 307 principalis
1272 242 1629 303 consequentiae,
1653 239 1778 301 quod
1802 238 1892 287 ἀει-ο

266 334 386 381 strui
416 332 683 378 debebatur.
2043 320 2054 406 3

771 481 988 522 Destructio
1017 480 1175 519 secundi
1202 476 1379 517 membri.

358 623 518 687 §XIIL
563 622 633 669 Ad
676 618 1037 667 destructionem
1086 616 1279 663 secundi
1323 612 1519 661 membri
1565 605 1889 668 consequentis

269 706 528 766 principalis
559 714 842 760 consequen-

271 779 349 826 tiae
382 779 501 835 dicO,
533 777 656 836 quod
680 787 845 833 aquam

270 863 367 897 esse
409 851 639 908 gibbosam
684 853 752 894 est
798 859 845 892 e-

270 923 380 970 tiam
401 921 673 980 impossibile
681 934 696 978 3
724 921 848 977 quod

269 995 336 1041 sic
349 996 640 1041 demonstro:
668 994 736 1039 Sit
758 1005 847 1040 coe-

271 1067 383 1125 lum,
414 1067 461 1111 in
507 1078 599 1124 quo
644 1072 845 1125 quatuor

271 1151 450 1195 cruceS,
495 1151 612 1196 aqua
657 1139 706 1185 in
753 1151 844 1196 quo

270 1220 382 1271 treS,
395 1219 518 1259 terra
534 1214 581 1258 in
598 1225 690 1271 quo
715 1213 842 1270 duae3

271 1292 318 1333 et
351 1293 566 1333 centrum
612 1293 750 1334 terrae
796 1294 843 1333 et

259 1372 406 1418 -aquae
451 1360 758 1406 concentricae
797 1366 843 1406 et

275 1433 377 1479 coeli
395 1433 454 1478 sit
480 1433 533 1479 D.
551 1432 611 1478 Et
636 1434 848 1490 praescia-

275 1511 353 1550 tur
404 1505 507 1560 hoc,
559 1505 682 1562 quod
731 1518 849 1564 aqua

272 1590 366 1623 non
397 1583 548 1636 potest
579 1590 677 1625 esse
728 1584 1023 1631 conceutrica
1053 1590 1210 1641 terrae,
1242 1583 1330 1629 nisi
1378 1588 1501 1628 terra
1545 1582 1605 1628 sit
1651 1582 1701 1628 in
1743 1582 1895 1641 aliqua

274 1656 405 1707 parte
436 1650 620 1708 gibbosa
649 1665 785 1711 supra
819 1657 1070 1703 neutralem
1101 1655 1542 1712 circumferentiam,
1571 1660 1625 1701 ut
1657 1661 1786 1714 patet
1825 1657 1898 1702 in-

273 1723 465 1768 structis
494 1723 541 1768 in
572 1725 919 1775 mathematicis,
954 1729 999 1775 Si
1030 1729 1078 1773 in
1107 1728 1257 1786 aliqua
1289 1732 1419 1785 parte
1461 1726 1655 1783 emergit
1702 1728 1901 1773 circum-

275 1796 471 1843 ferentia
501 1809 652 1854 aquae,
684 1803 731 1843 et
756 1799 857 1845 ideo
887 1800 1050 1858 gibbus
1081 1811 1212 1858 aquae
1244 1798 1303 1844 sit
1334 1798 1382 1843 in
1404 1809 1496 1856 quo
1519 1797 1573 1854 H,
1599 1798 1762 1855 gibbus
1785 1809 1898 1846 vero

275 1876 413 1915 terrae
444 1869 492 1915 in
522 1882 613 1927 quo
646 1870 710 1916 G:
744 1872 908 1918 deinde
940 1874 1235 1930 protrahatur
1265 1872 1382 1918 linea
1414 1883 1506 1917 una
1535 1883 1562 1917 a
1593 1871 1631 1916 D
1663 1871 1721 1916 ad
1749 1870 1804 1927 H,
1850 1877 1900 1917 et

274 1957 368 1990 una
399 1944 483 1990 alia
514 1957 539 1990 a
570 1945 607 1989 D
639 1946 695 1991 ad
725 1946 786 2002 F;
819 1947 1109 1993 manifestum
1143 1952 1210 1992 est
1242 1946 1366 2004 quod
1395 1945 1530 2002 linea,
1563 1957 1669 2003 quae
1701 1950 1771 1991 est
1800 1958 1826 1992 a
1856 1946 1894 1990 D

275 2019 332 2065 ad
360 2018 401 2063 H
432 2023 500 2062 est
532 2018 706 2075 longior
738 2028 876 2076 quam
907 2032 1011 2077 quae
1044 2026 1112 2065 est
1145 2033 1170 2066 a
1203 2020 1239 2065 D
1272 2019 1329 2065 ad
1361 2019 1395 2064 F
1406 2031 1420 2075 3
1453 2024 1499 2063 et
1530 2030 1613 2076 per
1642 2018 1728 2064 hoc
1775 2030 1900 2064 sum-

277 2091 410 2136 mitas
441 2090 536 2147 ejus
567 2096 635 2135 est
666 2091 798 2137 altior
827 2093 1091 2138 summitate
1122 2093 1334 2139 alterius:
1363 2098 1410 2138 et
1437 2103 1544 2137 cum
1569 2095 1766 2149 utraque
1792 2103 1901 2137 con·

280 2164 423 2220 tingat
441 2163 487 2208 in
511 2163 774 2210 summitate
799 2177 881 2212 sua
903 2166 1195 2224 superficiem
1220 2178 1368 2223 aquae,
1395 2176 1547 2222 neque
1573 2164 1870 2210 transcendat
1880 2178 1896 2222 ;

278 2240 404 2293 patet
436 2235 561 2292 quod
588 2247 704 2292 aqua
736 2236 856 2292 gibbi
889 2237 976 2283 erit
1007 2249 1191 2284 sursum
1222 2249 1305 2295 per
1335 2242 1601 2295 respectum
1621 2236 1679 2282 ad
1701 2237 1901 2295 superii-

281 2308 399 2355 ciem
428 2306 508 2353 ubi
539 2316 607 2353 est
639 2308 689 2352 F.
722 2307 835 2354 Cum
868 2309 1008 2366 igitur
1045 2323 1138 2356 non
1181 2311 1240 2357 sit
1281 2310 1342 2356 ibi
1388 2309 1654 2368 prohibens3
1702 2309 1740 2355 si
1784 2322 1899 2358 vera

281 2389 408 2439 suut,
439 2395 544 2441 quae
574 2384 702 2440 prius
732 2385 963 2442 supposita
996 2393 1158 2444 erant;
1190 2399 1308 2445 aqua
1339 2385 1459 2443 gibbi
1485 2384 1726 2442 dilabetur,
1753 2385 1902 2431 donec

282 2461 552 2514 coaequetur
582 2456 638 2501 ad
669 2456 706 2501 D
739 2469 845 2502 cum
878 2458 1248 2505 circumferentia
1280 2457 1488 2514 centrali,
1529 2457 1628 2504 sive
1671 2456 1897 2514 regulari:

283 2535 331 2576 et
361 2530 426 2576 sic
451 2529 725 2588 impossibile
756 2530 844 2576 erit
868 2543 1137 2588 permanere
1168 2532 1372 2589 gibbum,
1404 2531 1479 2578 vel
1509 2542 1607 2576 esse
1621 2544 1637 2588 3
1669 2530 1793 2589 quod
1823 2531 1903 2576 de·

282 2602 526 2648 monstrari
558 2602 764 2650 debebat.
798 2602 857 2649 Et
890 2609 1063 2660 praeter
1093 2603 1209 2650 hanc
1241 2602 1522 2661 potissimam
1553 2600 1900 2647 demonstratio-

284 2691 406 2734 nem,
438 2683 588 2735 potest
619 2677 754 2723 etiam
784 2677 1079 2735 probabiliter
1103 2678 1297 2734 ostendi,
1322 2677 1447 2736 quod
1476 2688 1593 2734 aqua
1615 2687 1708 2721 non
1737 2674 1900 2720 habeat

287 2750 472 2807 gibbum
503 2755 635 2795 extra
667 2747 1082 2795 circumferentiam
1114 2750 1369 2807 regularem
1387 2762 1400 2805 ;
1443 2748 1548 2806 quia
1589 2747 1713 2805 quod
1751 2751 1904 2805 potest

290 2821 385 2867 fieri
417 2834 498 2879 per
528 2833 692 2877 unum,
723 2821 885 2867 melius
916 2828 984 2867 est
1023 2822 1145 2879 quod
1187 2821 1264 2867 fiat
1309 2833 1391 2878 per
1432 2832 1590 2873 unum,
1639 2830 1779 2877 quam
1819 2829 1904 2875 per

289 2894 448 2954 plura:
481 2894 561 2939 sed
592 2899 742 2940 totum
772 2893 1029 2952 oppositum
1062 2897 1214 2951 potest
1257 2891 1355 2938 fieri
1403 2903 1486 2950 per
1523 2891 1670 2937 solum
1715 2889 1902 2948 gibbum
