2054 3262
351 180 436 226 364
965 188 1108 224 Lmen
1139 190 1356 227 TERTmS.

351 281 489 338 cquid
518 281 657 326 Petro
689 280 922 339 dehemus,
964 282 1062 327 zelo
1108 283 1299 330 fortasse
1350 285 1581 333 clavium:
1625 299 1714 334 nec
1756 299 1852 335 non
1894 290 1969 336 ali1

351 366 542 410 gregum
576 354 933 401 Christianorum
964 363 1186 420 pastores,
1224 363 1270 403 et
1301 358 1374 404 alii
1411 371 1526 417 quos
1563 361 1701 407 credo
1735 362 1836 409 zelo
1874 364 1970 410 solo

348 427 508 471 matris
538 427 753 472 Ecclesiae
786 429 1064 485 permoveri,
1108 429 1307 486 veritati,
1353 442 1492 487 quam
1536 437 1806 480 ostensurus
1841 447 1963 492 sum,

350 501 404 545 de
437 501 534 546 zelo
565 500 715 547 forsan
750 501 823 559 (ut
855 502 968 561 dixi)
1009 514 1104 549 non
1145 502 1200 548 de
1231 505 1459 561 superbia,
1492 505 1830 554 contradicunt.
1857 509 1965 564 Qui-

349 574 451 619 dam
494 587 607 632 vero
652 575 738 630 alii,
786 587 985 633 quorum
1031 575 1256 621 obstinata
1297 576 1520 634 cupiditas
1570 579 1730 624 lumen
1773 579 1962 627 rationis

347 648 547 693 extinxit
560 661 574 704 3
607 654 653 694 et
686 649 795 694 dum
837 661 895 694 ex
936 654 1066 705 patre
1113 648 1288 694 diabolo
1328 654 1453 706 sunt,
1498 648 1718 696 Ecclesiae
1760 662 1810 696 se
1852 650 1966 699 filios

348 732 446 766 esse
480 721 671 778 dicunt,
703 733 795 766 non
824 722 972 767 solum
1015 722 1063 767 in
1101 722 1185 767 hac
1225 722 1481 779 quaestione
1521 722 1717 780 litigium
1758 731 1965 783 movent,

346 794 428 839 sed
473 794 763 841 sacratissimi
808 795 1094 853 principatus
1139 796 1418 842 vocabulum
1465 795 1778 851 abhorrenteS,
1828 809 1965 856 supe-

347 867 523 913 riorum
556 870 867 926 quaestionum
910 874 955 914 et
998 869 1132 925 hujus
1172 868 1395 926 principia
1443 869 1738 927 impudenter
1778 873 1966 928 negantss

346 942 462 986 Sunt
495 949 540 987 et
574 943 711 998 tertii,
745 955 859 1001 quos
892 943 1212 988 Decretalistas
1251 948 1437 997 vocant,
1484 942 1722 1000 theologiae
1765 957 1820 991 ac
1865 945 1963 1002 phi-
1999 951 2002 954 ’

347 1014 558 1072 Iosophiae
593 1015 835 1072 cujuslibet
870 1015 1000 1061 inscii
1042 1021 1088 1061 et
1133 1021 1363 1072 experteS,
1411 1014 1490 1072 qui
1522 1015 1616 1060 suis
1645 1015 1964 1064 Decretalihus

349 1089 482 1147 (quas
514 1089 720 1146 profecto
751 1089 1038 1134 venerandas
1085 1087 1320 1147 existimo)
1365 1093 1459 1133 tota
1502 1087 1757 1134 intentione
1802 1088 1965 1148 innixi,

345 1163 401 1208 de
431 1163 611 1208 illarum
660 1162 959 1220 praevalentia
1005 1161 1144 1206 credo
1190 1166 1443 1218 sperantes,
1489 1159 1680 1217 imperio
1727 1159 1961 1218 derogant.
2005 1185 2007 1187 v

342 1234 437 1280 Nec
469 1235 654 1287 mirum,
690 1247 797 1279 cum
824 1233 917 1290 jam
947 1234 1202 1280 audiverim
1236 1233 1481 1292 quemdam
1512 1232 1567 1278 de
1597 1233 1684 1279 illis
1716 1225 1964 1291 dicentem,

344 1315 390 1355 ct
422 1309 684 1366 procaciter
715 1314 1012 1361 asserentem,
1046 1307 1313 1353 traditiones
1342 1307 1562 1353 Ecclesiae
1593 1306 1699 1353 fidei
1729 1318 1824 1352 esso
1860 1307 1965 1354 fun-

344 1384 625 1430 damentum.
661 1382 791 1436 Quod
833 1382 1019 1439 quidem
1062 1382 1189 1427 nefas
1236 1382 1292 1427 de
1335 1381 1546 1439 opinione
1592 1381 1854 1428 mortalium
1900 1382 1962 1428 illi

341 1458 662 1510 submoveant,
695 1455 789 1512 qui,
821 1460 926 1500 ante
972 1454 1265 1500 traditionem
1309 1453 1544 1510 Eccles1ae‚
1589 1453 1637 1498 in
1683 1453 1830 1500 filium
1878 1455 1960 1501 Dei

343 1528 593 1583 Christum,
625 1527 723 1573 sive
754 1532 1028 1582 venturum,
1054 1526 1153 1573 sive
1184 1531 1476 1583 praesentem,
1508 1524 1607 1572 sive
1644 1523 1736 1582 jam
1776 1537 1959 1582 passum

342 1602 660 1657 crediderunt,
695 1606 741 1645 et
775 1600 1003 1646 credendo
1033 1605 1355 1658 speraverunt,
1386 1604 1432 1644 et
1463 1604 1700 1656 sperantes
1738 1599 1958 1646 charitate

340 1682 568 1731 arserunt,
603 1681 648 1720 et
683 1675 899 1721 ardentes
930 1674 972 1720 ei
1004 1673 1264 1718 cohaeredes
1302 1673 1446 1719 factos
1482 1684 1580 1718 esse
1618 1672 1821 1718 mundus
1861 1684 1958 1718 11011

340 1750 532 1796 dubitat
569 1751 624 1795 Et
657 1755 710 1795 ut
745 1749 858 1795 tales
891 1748 946 1793 de
976 1747 1196 1806 praesenti
1225 1746 1460 1805 gymnasio
1486 1746 1689 1793 totaliter
1709 1746 1958 1794 excludan-

341 1830 433 1881 tur,
467 1831 535 1869 est
566 1823 920 1880 advertendum,
953 1822 1077 1879 quod
1107 1821 1321 1878 quaedam
1351 1820 1580 1879 scriptura
1612 1825 1681 1866 est
1721 1826 1829 1867 ante
1865 1820 1955 1868 Ec-

340 1897 537 1952 clesiam,
571 1896 782 1953 quaedam
809 1907 916 1940 cum
942 1893 1161 1949 Ecclesia,
1188 1893 1401 1949 quaedam
1423 1898 1527 1956 post
1549 1893 1814 1941 Ecclesiam.
1837 1896 1958 1942 Ante

336 1969 519 2027 quidem
553 1968 806 2013 Ecclesiam
838 1971 947 2012 sunt
980 1965 1125 2010 Vetus
1156 1970 1202 2009 et
1232 1964 1416 2010 Novum
1442 1964 1806 2022 Testamentum,
1833 1968 1957 2024 quod
2004 2016 2006 2018 ,

337 2043 383 2088 in
413 2047 642 2087 aeternum
675 2041 944 2086 mandatum
976 2044 1061 2094 est,
1099 2044 1152 2083 ut
1188 2039 1250 2084 ait
1296 2037 1547 2095 Propheta:
1594 2038 1678 2084 hoc
1707 2038 1843 2104 'enim
1884 2047 1953 2086 est

336 2116 460 2173 quod
492 2115 598 2160 dicit
630 2113 847 2169 Ecclesia,
879 2113 1071 2170 loquens
1102 2113 1158 2158 ad
1188 2124 1430 2170 sponsum:
1471 2113 1621 2158 Trahe
1666 2125 1736 2158 me
1769 2117 1869 2170 post
1898 2117 1951 2159 te.

337 2187 451 2233 Cum
482 2186 684 2232 Ecclesia
715 2182 837 2232 vero'
860 2190 970 2230 sunt
1013 2185 1277 2231 veneranda
1316 2185 1388 2231 illa
1436 2184 1628 2231 concilia
1673 2185 1956 2242 principalia,

335 2260 503 2318 quihus
533 2259 765 2303 Christum
797 2257 1060 2303 interfuisse
1090 2270 1227 2303 nemo
1258 2257 1403 2303 fidelis
1427 2257 1607 2303 dubitat
1617 2271 1632 2313 3
1660 2269 1768 2303 cum
1789 2258 1951 2306 habea-

337 2344 455 2384 111115,
488 2332 638 2389 ipsum
669 2331 834 2377 dixisse
867 2331 1112 2389 discipulis,
1158 2343 1459 2378 ascensurum
1501 2331 1550 2376 in
1592 2331 1788 2377 coelum:
1834 2333 1954 2379 Ecce

334 2419 409 2463 eqo
440 2406 667 2450 vobiscum
704 2418 803 2450 sum
836 2407 886 2450 in
916 2406 1121 2450 omnibus
1151 2406 1319 2460 diebuS,
1350 2417 1488 2463 usque
1517 2405 1580 2449 ad
1609 2410 1954 2453 consummatio·

333 2493 435 2525 nem
462 2480 634 2534 soecali,
667 2485 720 2524 ut
752 2479 993 2525 Matthaeus
1027 2485 1238 2525 testatur.
1275 2480 1392 2525 Sunt
1423 2484 1470 2524 et
1509 2479 1751 2537 scripturae
1790 2481 1948 2528 docto-

333 2565 457 2608 rum,
487 2551 732 2608 Augustini
762 2558 809 2598 et
839 2551 1034 2598 aliorum
1066 2565 1181 2610 quos
1211 2566 1237 2599 a
1262 2551 1432 2610 Spiritu
1458 2557 1616 2599 sancto
1641 2551 1820 2610 adjutos
1847 2554 1950 2611 quis

335 2626 530 2682 dubitat,
562 2625 742 2671 fructus
773 2637 934 2671 eorum
963 2626 1039 2672 vel
1070 2628 1254 2671 omnino
1299 2637 1394 2672 non
1441 2625 1573 2682 vidit,
1617 2625 1694 2672 vel
1732 2626 1769 2671 si
1814 2626 1949 2684 vidit,

254 2716 258 2732 ·
334 2699 520 2745 minime
551 2699 827 2757 degustavit.
856 2700 957 2745 Post
982 2699 1234 2746 Ecclesiam
1258 2710 1370 2747 vero
1393 2704 1502 2746 sunt
1529 2698 1810 2756 traditioneS,
1835 2713 1949 2759 quas
