2054 3262
1763 17 1767 19 .
1785 0 1892 38 'KR-*³*

1828 43 1829 46 ’
1866 52 1897 70 «υ.-

279 154 366 201 29ss
909 162 1053 200 Lmen
1083 164 1277 201 PmMUS.

281 259 423 317 magis
449 265 494 305 et
520 259 673 305 minus
698 259 745 303 in
771 257 988 315 subjectis
1019 259 1076 305 de
1107 259 1348 306 contrariis
1370 260 1667 310 admiscetur.
1691 261 1779 309 Ubi
1801 275 1919 321 ergo

280 331 525 376 minimum
560 331 616 376 de
655 331 884 377 contrario
920 330 1112 389 justitiae
1155 333 1451 390 admiscetur,
1495 340 1543 380 et
1589 340 1818 392 quantum
1854 335 1913 381 ad

280 404 503 460 habitum,
546 409 593 449 et
634 410 861 462 quantum
898 406 956 450 ad
1000 406 1329 463 operationem,
1374 405 1450 466 ihi,
1471 405 1651 463 justitia
1682 407 1917 466 potissima

282 481 379 521 est:
418 482 464 522 et
496 489 608 523 vere
641 482 754 523 tunc
789 483 940 535 potest
975 478 1065 523 dici
1097 479 1153 523 de
1184 478 1273 534 illa,
1308 484 1362 524 ut
1398 479 1697 536 Philosophus
1727 480 1879 538 inquit
1900 518 1910 526 .

283 553 432 609 Neque
467 552 693 607 Hesperus
726 565 865 610 neque
899 554 1085 610 Lucifer
1116 554 1183 597 sic
1224 552 1522 597 admirabilis
1562 546 1638 598 est.
1672 551 1754 597 Est
1789 553 1914 598 enim

284 627 398 667 tunc
430 622 611 667 Phoehae
637 623 810 679 similis,
837 623 1027 669 fratrem
1060 624 1388 670 diametraliter
1413 624 1634 681 intuenti,
1661 625 1718 672 de
1742 638 1922 683 purpu-

282 707 362 741 reo
402 696 644 741 matutinae
678 696 953 741 serenitatis.
989 697 1224 752 Quantum
1255 708 1363 753 ergo
1399 696 1457 741 ad
1488 697 1711 754 habitum,
1739 698 1916 755 J'ustitia

283 769 660 814 contrarietatem
690 769 824 814 hahet
857 770 1133 827 quandoque
1176 769 1222 814 in
1261 769 1381 815 velle
1396 783 1412 826 3
1452 782 1560 815 nam
1591 771 1671 816 ubi
1701 772 1922 818 voluntas

282 842 338 887 ab
368 841 492 886 omni
525 842 777 900 eupiditate
803 843 984 887 sincera
1015 855 1108 886 non
1130 850 1215 898 est,
1248 843 1333 888 etsi
1365 844 1481 889 adsit
1509 843 1704 902 justitia,
1726 857 1821 890 non
1850 850 1915 891 ta-

284 929 391 961 men
417 916 601 961 omnino
622 915 740 961 inest
767 915 814 960 in
839 915 1013 971 fulgore
1035 926 1132 959 suae
1154 916 1397 971 puritatis:
1425 917 1563 963 habet
1589 918 1712 963 enim
1734 917 1925 975 sthec-
1988 927 1990 930 ·
2039 957 2045 965 ,

286 998 403 1048 tum,
443 991 550 1036 licet
592 991 797 1046 minime,
829 990 1086 1048 aliqualiter
1126 995 1276 1035 tamen
1317 991 1402 1036 sihi
1442 991 1689 1037 resistens:
1727 997 1922 1049 propter

284 1066 408 1123 quod
457 1065 574 1109 hene
620 1064 927 1121 repelluntur,
982 1063 1063 1121 qui
1102 1062 1307 1120 judicem
1355 1064 1618 1121 passionare
1670 1070 1921 1111 conantur.

287 1139 521 1193 Quantum
545 1149 656 1183 vero
677 1136 735 1181 ad
758 1135 1087 1193 operationem,
1105 1135 1283 1192 justitia
1309 1136 1686 1183 contrarietatem
1711 1137 1847 1184 habet
1870 1138 1918 1184 in

287 1223 415 1268 posse
433 1225 446 1266 3
484 1223 591 1255 nam
617 1222 724 1256 cum
749 1209 927 1266 justitia
957 1209 1016 1255 sit
1051 1209 1204 1256 virtus
1244 1210 1301 1255 ad
1335 1210 1550 1267 alterum,
1575 1210 1674 1258 sive
1705 1197 1940 1268 potentia¹

289 1284 522 1330 tribuendi
549 1284 716 1341 cuique
743 1283 868 1340 quod
893 1295 1030 1328 suum
1055 1288 1142 1338 est,
1169 1283 1397 1340 quomodo
1430 1282 1534 1340 quis
1561 1284 1828 1340 operabitur
1853 1295 1928 1329 se—

287 1359 492 1404 cundum
523 1356 685 1402 illam‘?
725 1357 798 1402 Ex
828 1369 920 1414 quo
952 1362 1079 1414 patet
1110 1357 1234 1414 quod
1271 1362 1444 1415 quanto
1478 1355 1632 1414 justus
1667 1357 1921 1414 potent-ior,

288 1437 417 1477 tanto
449 1432 496 1475 in
534 1431 799 1489 operatIOne
840 1443 921 1476 sua
955 1429 1132 1487 justitia
1163 1431 1251 1476 erit
1283 1430 1488 1488 amplior.
1533 1430 1607 1477 Ex
1646 1431 1731 1477 hac
1763 1431 1921 1490 itaque

288 1505 596 1550 declaratione
636 1505 700 1550 sic
743 1509 996 1561 arguatur:
1039 1504 1226 1549 Justitia
1266 1504 1501 1561 potissima
1532 1510 1602 1551 est
1644 1505 1693 1552 in
1728 1508 1918 1563 munde,

286 1579 470 1638 quando
495 1578 809 1625 volentissimo
835 1583 881 1623 et
907 1577 1223 1634 potentissimo
1248 1577 1456 1635 subjecto
1481 1579 1601 1625 inest
1622 1593 1631 1625 :
1662 1579 1925 1638 hujusmodi-

286 1653 408 1698 solus
441 1652 690 1698 monarcha
721 1656 820 1697 est:
853 1663 962 1707 ergo
993 1650 1074 1696 soli
1107 1651 1371 1696 monarchae
1403 1651 1616 1697 insistens
1646 1651 1922 1710 ‚iustitiasin

288 1726 460 1772 mundo
490 1725 722 1783 potissima
753 1729 837 1769 est.
871 1725 961 1769 Iste
988 1724 1365 1783 prosyllogismus
1390 1725 1536 1771 currit
1562 1738 1647 1783 per
1669 1727 1923 1773 secundam

286 1800 496 1860 figuram,
519 1811 628 1845 cum
658 1798 901 1855 negatione
933 1797 1214 1854 intrinseca,
1246 1804 1293 1843 et
1326 1803 1395 1844 est
1425 1798 1583 1845 similis
1606 1800 1743 1847 huic:
1776 1800 1927 1847 Omne

286 1873 322 1918 B
349 1878 418 1918 est
443 1872 497 1929 A,
523 1872 672 1917 solum
699 1870 730 1917 C
758 1875 828 1915 est
860 1870 898 1914 A
909 1882 924 1927 3
958 1881 1067 1927 ergo
1091 1870 1240 1916 solum
1267 1869 1298 1916 C
1326 1876 1395 1916 est
1419 1871 1471 1917 B.
1501 1872 1632 1927 Quod
1657 1878 1751 1919 est:
1775 1874 1922 1921 Omne

288 1949 323 1993 B
357 1953 426 1993 est
457 1947 512 2003 A,
544 1946 725 1991 nullum
755 1950 929 2002 praeter
961 1943 992 1989 C
1026 1948 1095 1988 est
1125 1943 1164 1988 A
1180 1957 1194 2000 3
1228 1955 1337 2001 ergo
1368 1939 1550 1990 nullum
1581 1951 1755 2003 praeter
1787 1946 1819 1993 C
1852 1954 1926 1993 est
2011 1992 2014 1993 a

287 2023 341 2078 Β,
365 2027 453 2067 etc.
482 2020 636 2066 Prima
661 2017 912 2076 propositio
939 2017 1248 2063 declaratione
1273 2018 1566 2075 praecedente
1589 2025 1804 2078 apparet:
1837 2021 1921 2067 alia

287 2096 352 2142 sic
377 2093 654 2149 ostenditur,
687 2098 733 2138 et
764 2093 966 2149 primum
989 2096 1216 2147 quantum
1246 2091 1303 2135 ad
1333 2090 1470 2147 velle,
1502 2091 1668 2138 deinde
1693 2099 1920 2151 quantum

288 2169 344 2215 ad
376 2180 519 2227 posse.
547 2167 618 2213 Ad
649 2166 932 2212 evidentiam
957 2164 1093 2222 primi
1119 2165 1390 2220 notandum,
1415 2165 1540 2223 quod
1555 2165 1750 2223 Justitiae
1780 2167 1928 2213 maxi-
1952 2191 1954 2193 >

292 2253 364 2287 me
398 2239 708 2286 contrariatur
734 2237 973 2295 cupiditas,
1010 2241 1064 2282 ut
1095 2235 1248 2282 innuit
1286 2236 1556 2284 Aristoteles
1591 2238 1640 2284 in
1675 2240 1840 2298 quinto
1865 2243 1922 2288 ad

290 2312 630 2359 Nicomachum.
662 2312 856 2356 Remota
889 2308 1141 2367 cupiditate
1174 2310 1373 2366 omnino,
1409 2310 1518 2356 nihil
1551 2310 1746 2373 justitiae
1778 2320 1928 2361 restat

289 2388 538 2435 adversum
555 2398 570 2443 3
608 2386 733 2432 unde
770 2384 995 2430 sententia
1023 2383 1278 2440 Philosophi
1306 2389 1392 2441 est,
1419 2390 1472 2431 ut
1508 2398 1613 2444 quae
1639 2386 1738 2444 lege
1770 2388 1925 2435 deter-

291 2461 455 2508 minari
490 2465 700 2518 possunt,
734 2458 860 2504 nullo
884 2458 1020 2504 modo
1048 2457 1192 2514 judici
1221 2457 1559 2516 relinquantur.
1597 2459 1657 2506 Et
1681 2461 1768 2507 hoc
1792 2468 1922 2509 metu

293 2534 556 2593 cupiditatis
586 2533 685 2579 fieri
711 2537 911 2591 oportet,
937 2532 993 2577 de
1019 2531 1138 2577 facili
1162 2537 1343 2577 mentes
1373 2532 1611 2579 hominum
1641 2535 1922 2594 detorquen-

220 2600 223 2604 ’
294 2609 366 2656 tis,
390 2608 474 2654 Ubi
499 2619 608 2665 ergo
632 2619 727 2653 non
751 2611 820 2652 est
852 2605 977 2664 quod
1007 2604 1149 2663 possit
1174 2605 1338 2662 optari,
1361 2605 1637 2664 impossibile
1661 2613 1731 2655 est
1756 2609 1818 2655 ihi
1840 2623 1924 2657 cu-

294 2682 532 2742 piditatem
572 2694 699 2728 esse:
742 2680 993 2727 destructis
1027 2680 1168 2725 enim⁸
1193 2679 1398 2737 objectis,
1433 2680 1664 2738 passiones
1694 2694 1791 2729 esse
1828 2696 1921 2730 non

294 2763 499 2818 possunt.
522 2757 611 2803 Sed
631 2757 876 2803 monarcha
894 2756 1140 2802 nonhabet
1166 2755 1291 2814 quod
1314 2754 1454 2813 possit
1480 2761 1662 2815 optare:
1689 2769 1770 2804 sua
1797 2771 1919 2804 nam-
