2054 3262
347 104 442 150 400
973 114 1115 150 Lmen
1149 115 1370 152 TERTmS.

355 207 544 266 quidem
578 205 634 253 ab
667 204 731 253 eis
762 220 859 254 esse
890 213 1113 254 remotam
1146 207 1354 265 possibile
1385 220 1477 254 non
1510 214 1644 266 esset,
1673 208 1716 255 si
1746 207 1978 267 regiminis

359 281 624 338 temporalis
653 279 906 325 auctoritas
937 292 958 324 a
992 279 1246 325 sacerdotio
1279 280 1569 337 demanaret3
1603 293 1710 327 cum
1739 281 1901 326 saltem
1933 280 1978 326 in

355 353 688 399 authorizando
721 351 979 398 sollicitudo
1005 351 1277 415 provisionis
1302 352 1509 405 instaret,
1537 356 1584 398 et
1611 352 1775 398 deinde
1800 353 1978 400 cautela

356 427 592 483 continua,
613 439 672 472 ne
696 425 1011 472 authorizatus
1031 437 1055 470 a
1077 425 1263 471 tramite
1285 424 1579 471 rectitudinis
1602 425 1823 472 deviaret.
1847 427 1979 483 Quod

346 505 511 545 autem
542 511 566 544 a
598 511 646 545 se
678 511 772 544 non
801 497 1045 556 receperit,
1079 498 1134 542 de
1164 497 1282 543 facili
1315 502 1442 554 patet
1474 497 1554 543 sic.
1586 497 1704 543 Nihil
1736 502 1805 544 est
1855 497 1981 556 quod

352 573 463 618 dare
495 572 652 630 possit,
686 572 811 630 quod
841 583 933 617 non
963 572 1114 617 habet.
1150 572 1279 617 Unde
1311 583 1446 617 omne
1477 583 1616 628 agens
1646 570 1834 630 aliquid,
1869 576 1979 618 actu

353 658 452 691 esse
486 646 575 692 tale
608 651 805 704 oportet,
832 645 966 704 quale
992 658 1126 702 agere
1151 645 1379 691 intendit:
1413 650 1466 691 ut
1498 645 1694 692 habetur
1719 645 1767 690 in
1791 645 1846 691 iis
1872 657 1978 704 quae

352 719 411 764 de
442 718 712 776 simpliciter
744 724 864 764 ente.
901 718 988 763 Sed
1022 722 1217 770 constat,
1250 717 1372 775 quod
1402 717 1438 762 si
1478 716 1681 763 Ecclesia
1725 715 1811 762 sibi
1852 716 1978 766 dedit

353 792 475 837 iilam
501 792 742 848 virtutem,
769 805 860 838 non
885 792 1081 838 habebat
1106 791 1227 836 illam
1254 791 1524 850 priusquam
1550 790 1680 837 daret
1705 789 1804 836 sibi.
1827 789 1888 836 Et
1913 789 1976 836 sic

354 866 552 912 dedisset
585 865 667 911 sibi
701 866 823 924 quod
854 878 948 910 non
979 865 1200 911 habebat:
1241 865 1364 923 quod
1403 870 1472 911 est
1503 863 1795 923 impossibile.
1846 863 1975 919 Quod

353 954 468 989 vero
497 943 554 988 ab
579 941 731 999 aliquo
756 941 1033 999 imperatore
1059 953 1151 986 non
1176 938 1422 997 receperit,
1446 951 1530 997 per
1554 951 1607 985 ea
1631 949 1737 996 quae
1763 937 1996 996 superius

352 1015 590 1061 manifesta
608 1020 731 1069 sunt,
745 1020 870 1072 patet
887 1013 1187 1060 sufficienter.
1201 1013 1259 1059 Et
1274 1014 1397 1071 quod
1409 1012 1546 1059 etiam
1563 1023 1751 1058 assensu
1768 1010 1976 1057 omnium

352 1087 427 1134 vel
458 1087 816 1144 praevalentium
848 1099 941 1132 non
972 1087 1199 1143 habuerit,
1233 1086 1335 1144 quis
1366 1085 1562 1142 dubitat,
1589 1097 1698 1130 cum
1723 1096 1816 1130 non
1839 1081 1976 1128 modo

350 1158 504 1204 Asiani
536 1164 582 1204 et
613 1158 814 1205 Africani
840 1171 1015 1214 omnes,
1042 1159 1156 1216 quin
1182 1158 1318 1204 etiam
1343 1157 1486 1215 major
1510 1170 1615 1217 pars
1639 1156 1873 1214 Europam
1899 1166 1975 1223 co-

345 1233 564 1289 lentium,
595 1233 682 1277 hoc
721 1230 997 1276 abhorreat?
1032 1230 1285 1276 Fastidium
1315 1231 1488 1276 etenim
1513 1235 1602 1287 est,
1633 1229 1682 1275 in
1712 1229 1851 1274 rebus
1880 1239 1976 1275 ma·

352 1303 657 1350 nifestissimis
688 1302 983 1361 probationes
1012 1304 1258 1349 adducere.

443 1375 465 1438 g
499 1376 607 1422 XIV.
640 1376 773 1431 Item,
804 1374 915 1420 illud
945 1375 1070 1433 quod
1100 1380 1169 1420 est
1202 1380 1362 1421 contra
1390 1380 1606 1422 naturam
1637 1373 1845 1431 aliquuS,
1878 1384 1974 1418 non

348 1457 422 1498 est
455 1451 510 1495 de
542 1461 737 1495 numero
770 1460 960 1493 suarum
990 1447 1253 1493 virtutum:
1288 1460 1396 1494 cum
1432 1449 1636 1495 virtutes
1675 1445 1973 1503 uniusqu'us-

343 1535 444 1581 vque
469 1521 536 1567 rei
564 1525 910 1577 consequantur
935 1525 1147 1564 naturam
1175 1518 1286 1577 ejuS,
1312 1526 1503 1578 propter
1527 1519 1630 1567 finis
1653 1518 1969 1578 adeptionem:

352 1597 432 1642 sed
462 1596 617 1642 virtus
643 1592 959 1639 authorizandi
985 1605 1182 1650 regnum
1207 1599 1376 1639 nostrae
1402 1593 1694 1640 mortalitatis
1720 1597 1789 1638 est
1814 1596 1975 1638 contra

351 1676 567 1716 naturam
589 1665 836 1713 Ecclesiae:
864 1677 971 1723 ergo
995 1678 1089 1711 non
1114 1671 1183 1712 est
1211 1666 1265 1712 de
1292 1679 1486 1713 numero
1510 1667 1744 1723 virtutum
1768 1677 1974 1712 suarum.

348 1744 422 1789 Ad
446 1740 727 1790 evidentiam
752 1746 908 1785 autem
934 1738 1122 1784 minoris
1137 1738 1394 1795 sciendum,
1414 1739 1538 1797 quod
1558 1744 1726 1785 natura
1749 1736 1970 1796 Ecclesiae

350 1816 496 1861 forma
527 1820 596 1860 est
627 1812 861 1859 Ecclesiae.
895 1811 1009 1856 Nam
1040 1809 1252 1868 quamvis
1283 1816 1449 1857 natura
1482 1811 1663 1858 dicatur
1694 1812 1750 1858 de
1783 1811 1976 1858 materia

348 1895 399 1935 et
430 1889 592 1944 forma,
624 1886 814 1945 propius
847 1890 1002 1931 tamen
1035 1885 1205 1931 dicitur
1238 1885 1293 1929 de
1331 1884 1492 1949 forma,
1530 1890 1584 1932 ut
1627 1891 1865 1932 ostensum
1905 1890 1974 1932 est

350 1964 400 2010 in
419 1962 644 2010 Naturali
662 1961 837 2006 audita.
859 1959 1023 2004 Forma
1038 1963 1194 2004 autem
1216 1957 1436 2005 Ecclesiae
1458 1958 1569 2005 nihil
1592 1958 1716 2006 aliud
1740 1965 1808 2006 est
1835 1970 1975 2018 quam
2006 2005 2009 2006 a

355 2037 448 2082 vita
487 2035 652 2082 Christi
689 2040 783 2080 tam
823 2034 872 2079 in
914 2033 1049 2079 dictis
1087 2045 1225 2091 quam
1256 2033 1304 2078 in
1335 2032 1466 2079 factis
1499 2033 1840 2092 comprehensa.
1873 2034 1976 2081 Vita

353 2110 476 2156 enim
508 2108 649 2166 ipsius
679 2107 777 2152 idea
809 2105 897 2151 fuit
928 2111 973 2151 et
1002 2105 1236 2163 exemplar
1262 2105 1497 2151 militantis
1520 2104 1755 2162 Ecclesiae,
1781 2117 1975 2165 praeser-

355 2183 438 2229 tim
469 2188 720 2241 pastorum,
751 2181 951 2227 maxime
982 2180 1118 2238 hujus
1148 2180 1331 2236 summi,
1371 2178 1504 2237 cujus
1541 2178 1746 2226 officium
1789 2186 1859 2227 est
1899 2195 1976 2240 pa-

354 2268 488 2301 scere
520 2267 630 2301 oves
668 2260 713 2300 et
751 2266 904 2311 agnos,
938 2253 1067 2299 Unde
1100 2253 1194 2311 ipse
1225 2252 1272 2298 in
1302 2253 1476 2298 Joanne
1506 2252 1699 2299 formam
1729 2265 1827 2300 suae
1860 2255 1974 2302 vitae

356 2328 651 2385 relinquens:
685 2329 976 2384 Eoeemplum‚
1008 2326 1173 2383 inquit,
1206 2326 1309 2372 dedi
1347 2326 1482 2380 vobis,
1515 2329 1565 2372 ut
1603 2327 1976 2386 quemadmodum

347 2414 431 2460 :eqo
454 2403 556 2459 feci,
583 2403 650 2446 ita
675 2404 713 2446 et
739 2413 813 2445 vos
835 2401 1037 2458 faciatis.
1060 2398 1119 2443 Et
1144 2397 1400 2456 specialiter
1424 2399 1480 2444 ad
1505 2399 1714 2457 Petrum,
1731 2404 1977 2458 postquam

354 2474 553 2534 pastoris
582 2473 784 2519 officium
817 2473 899 2518 sibi
934 2471 1176 2529 commisit,
1211 2477 1264 2517 ut
1294 2473 1341 2517 in
1373 2472 1535 2518 eodem
1558 2473 1796 2521 habemus:
1827 2477 1975 2531 Petra,

357 2546 528 2604 inquit,
569 2558 750 2605 sequere
792 2558 874 2591 me.
921 2545 1009 2591 Sed
1040 2543 1245 2591 ChriStus
1276 2544 1534 2603 hujusmodi
1574 2544 1780 2602 regimen
1821 2542 1976 2592 coram

359 2620 508 2667 Pilato
538 2619 802 2676 abnegavit:
821 2621 1039 2678 Regnum,
1060 2619 1226 2677 inquit,
1249 2633 1397 2666 meam
1418 2633 1509 2665 non
1530 2624 1591 2665 est
1608 2619 1660 2664 de
1675 2620 1756 2667 hoo
1779 2620 1972 2668 mundo.

354 2698 401 2741 si
425 2707 483 2740 ex
502 2694 583 2740 hoc
604 2694 771 2740 ntundo
786 2695 902 2740 'esset
920 2707 1111 2752 reanum
1136 2706 1300 2748 meum,
1325 2695 1532 2740 ministri
1547 2693 1635 2738 mei
1652 2696 1803 2753 utique
1822 2693 1973 2739 decer-
