2054 3262
334 172 422 219 386
946 182 1086 219 LIBER
1116 182 1332 221 Tannus,

332 288 423 334 quo
447 276 685 325 Matthaeus
708 278 867 326 scribit
905 279 988 326 sic:
1028 281 1176 330 Nolite
1217 281 1450 327 arbitrari
1481 280 1590 340 quia
1633 281 1737 328 veni
1773 293 1931 339 pacem

331 350 503 394 mittere
526 352 576 395 in
601 354 806 396 terram:
833 364 920 397 non
945 353 1047 396 veni
1072 364 1226 408 pacem
1250 354 1437 404 mittere,
1462 351 1538 395 sed
1572 351 1788 408 gladium.
1824 354 1930 398 Veni

330 422 453 464 enim
475 433 696 477 separare
720 423 940 468 hominem
965 414 1180 468 adversus
1203 428 1378 481 patrem
1403 434 1534 467 suum
1558 427 1637 468 etc.
1674 423 1803 478 Quod
1831 423 1927 482 qui-

333 491 436 536 dem
467 492 517 538 fit
549 499 641 538 tam
666 496 824 551 verbO,
856 507 992 553 quam
1024 507 1174 553 opere.
1209 495 1402 552 Propter
1433 494 1554 552 quod
1577 494 1755 540 dicebat
1783 495 1934 541 Lucas

331 563 387 608 ad
412 565 733 623 Theophilum:
773 569 879 622 Quoe
911 571 1039 625 coepit
1055 570 1181 614 Iesus
1203 569 1355 626 facere
1388 572 1427 612 et
1463 567 1634 613 docere.
1662 564 1815 612 Talem
1844 567 1930 624 gla-

332 633 454 679 dium
485 636 688 682 Christus
713 650 863 684 emere
889 639 1195 697 praecipiebat,
1222 651 1358 694 quem
1384 638 1611 695 duplicem
1639 638 1699 684 ihi
1729 650 1825 685 esse
1847 639 1930 683 Pe-

333 711 433 751 trus
455 707 589 754 etiam
613 711 925 767 respondebat.
953 711 1021 756 Ad
1045 712 1186 756 verba
1211 710 1332 755 enim
1364 715 1409 754 et
1442 721 1576 767 opera
1611 709 1756 768 parati
1785 714 1932 765 erant,

331 788 413 834 per
439 791 542 835 quae
569 779 769 826 facerent
809 782 930 839 quod
959 781 1162 828 Christus
1202 781 1378 827 dicebat
1395 794 1410 837 3
1457 780 1632 827 scilicet
1671 793 1720 826 se
1750 782 1931 828 venisse

331 848 563 896 facturum
589 865 671 909 per
695 853 907 910 gladium,
934 859 984 899 ut
1007 854 1182 899 dictum
1203 859 1286 899 est.

418 920 441 984 ξ
473 924 520 970 Χ.
555 925 724 970 Dicunt
750 927 930 983 quidam
972 926 1134 982 adhuc,
1175 926 1298 983 quod
1337 925 1626 972 costantinus
1666 926 1930 984 imperator,
1994 944 1996 946 ·

330 997 578 1042 mundatus
608 1011 631 1042 a
663 998 786 1055 lepra
817 999 1140 1044 intercessione
1173 997 1411 1056 Sylvestri,
1445 1004 1557 1044 tunc
1587 999 1751 1044 summi
1781 999 1928 1057 ponti·

328 1066 440 1124 ficis,
472 1069 648 1127 imperii
689 1071 858 1127 sedem,
891 1071 1065 1116 scilicet
1110 1071 1313 1125 Romam,
1348 1069 1534 1117 donavit
1560 1070 1792 1127 Ecclesiae,
1823 1083 1934 1117 cum

328 1141 484 1186 multis
509 1142 602 1187 aliis
628 1143 803 1200 imperii
844 1142 1153 1199 dignitatibus,
1173 1140 1186 1165 ¹
1217 1141 1288 1186 Ex
1318 1153 1408 1199 quo
1439 1147 1655 1198 arguunt,
1687 1141 1932 1199 dignitates

330 1213 424 1258 illas
455 1214 640 1271 posthac
669 1213 898 1259 neminem
930 1225 1160 1258 assumere
1205 1224 1346 1269 posse,
1378 1212 1463 1258 nisi
1491 1207 1561 1259 ab
1585 1213 1784 1259 Ecclesia
1820 1212 1948 1259 reci-⁸

330 1283 440 1341 piat,
468 1283 597 1340 cujus
619 1296 693 1329 eas
717 1296 812 1329 esse
843 1283 1018 1329 dicunt.
1040 1283 1098 1328 Et
1125 1295 1183 1329 ex
1202 1284 1288 1330 hoc
1311 1285 1427 1329 bene
1451 1291 1741 1343 sequeretur,
1775 1290 1929 1331 aucto·

328 1357 513 1403 ritatem
548 1370 686 1403 unam
711 1358 767 1404 ab
791 1357 875 1402 alia
900 1358 1171 1415 dependere,
1196 1363 1248 1402 ut
1274 1358 1356 1415 ipsi
1389 1358 1565 1404 volunt.
1599 1357 1762 1404 Positis
1791 1358 1934 1414 igitur

330 1435 377 1474 et
415 1430 573 1474 solutis
610 1429 905 1486 argumentis,
928 1441 1032 1487 quae
1056 1429 1232 1475 radices
1264 1430 1309 1474 in
1335 1429 1500 1476 divinis
1538 1429 1728 1487 eloquiis
1764 1430 1933 1474 habere

327 1502 634 1558 videbantur,
668 1507 840 1548 restant
881 1514 1006 1547 nunc
1040 1502 1111 1548 illa
1150 1504 1357 1560 ponenda
1395 1509 1441 1548 et
1479 1503 1713 1559 solvenda,
1744 1514 1848 1559 quae
1879 1501 1928 1547 in

327 1577 463 1635 gestis
503 1577 700 1622 romanis
724 1582 768 1622 et
804 1577 979 1622 ratione
1017 1577 1213 1622 humana
1234 1577 1511 1624 radicantur.
1550 1576 1622 1623 Ex
1646 1576 1814 1634 quibus
1838 1575 1929 1632 pri·

326 1662 454 1695 mum
493 1656 576 1705 est,
617 1650 740 1708 quod
783 1650 1096 1709 praemittitur,
1124 1652 1246 1710 quod
1289 1652 1354 1697 sic
1393 1651 1691 1710 syllogizant:
1729 1649 1793 1695 Ea
1823 1660 1931 1706 quae

325 1728 432 1768 sunt
471 1723 703 1780 Ecclesiae,
744 1736 877 1769 nemo
917 1718 971 1770 de
1001 1724 1104 1782 jure
1145 1726 1310 1772 habere
1358 1731 1523 1784 potest,
1546 1725 1634 1771 nisi
1678 1724 1734 1770 ab
1774 1723 1935 1769 Eccle-

326 1794 420 1850 sia,
466 1800 511 1839 et
556 1795 641 1840 hoc
686 1796 984 1842 conceditur:
1030 1809 1272 1842 romanum
1316 1797 1518 1854 regimen
1567 1801 1635 1841 est
1681 1794 1928 1841 Ecclesiae:

327 1879 435 1924 ergo
473 1867 621 1925 ipsum
660 1880 794 1913 nemo
828 1868 994 1915 habere
1028 1875 1178 1928 potest
1204 1871 1259 1915 de
1278 1869 1398 1927 jure,
1425 1869 1508 1915 nisi
1539 1870 1594 1915 ab
1618 1867 1833 1915 Ecclesia.
1871 1866 1934 1912 Et

327 1938 549 1984 minorem
567 1939 761 1997 probant
778 1952 860 1998 per
877 1952 942 1997 ea,
961 1953 1064 1998 quae
1084 1941 1138 1986 de
1155 1940 1416 1987 costantino
1439 1941 1649 1999 superius
1666 1945 1786 1986 tacta
1805 1943 1931 1984 sunt.

326 2010 452 2056 Hanc
476 2022 584 2067 ergo
609 2011 832 2056 minorem
858 2010 1069 2057 interimo
1083 2025 1099 2068 ,·
1123 2017 1168 2059 et
1201 2024 1308 2058 cum
1332 2013 1542 2070 probant,
1569 2011 1669 2059 dico
1699 2012 1822 2071 quod
1850 2023 1932 2056 sua
2005 2008 2008 2009 ⁷

327 2087 531 2145 probatio
555 2087 675 2132 nulla
702 2092 770 2132 est
790 2097 800 2129 ε
828 2087 932 2144 quia
957 2086 1279 2134 Constantinus
1299 2087 1496 2134 alienare
1522 2100 1617 2134 non
1641 2093 1820 2146 poterat
1845 2086 1931 2132 im-

328 2161 441 2219 perii
466 2160 746 2217 dignitatem,
782 2173 869 2206 nec
908 2161 1109 2208 Ecclesia
1133 2162 1352 2220 recipere.
1395 2162 1453 2207 Et
1495 2174 1601 2208 cum
1635 2161 1935 2221 pertinaciter

327 2233 483 2290 istent,
515 2234 639 2291 quod
677 2234 777 2280 dico
815 2234 880 2280 sic
920 2235 1094 2280 ostendi
1132 2240 1296 2293 potest.
1333 2234 1510 2280 Nemini
1546 2234 1654 2281 licet
1694 2246 1747 2281 ea
1784 2233 1933 2279 facere

326 2317 409 2362 per
440 2304 641 2350 officium
672 2304 756 2351 sihi
782 2305 1067 2362 deputatum,
1100 2318 1202 2363 quae
1237 2312 1345 2352 sunt
1377 2312 1534 2353 contra
1559 2306 1670 2352 illud
1698 2304 1933 2352 officium:

329 2376 432 2433 quia
469 2377 533 2421 sic
569 2376 704 2434 idem,
729 2376 777 2422 in
813 2383 1037 2434 quantum
1068 2377 1203 2432 idem,
1240 2382 1356 2423 esset
1394 2376 1674 2423 contrarium
1705 2376 1786 2422 sibi
1819 2375 1938 2432 ipsi;

331 2448 453 2505 quod
473 2454 540 2494 est
563 2448 849 2507 impossibile.
877 2449 960 2496 Sed
984 2455 1141 2496 contra
1162 2449 1362 2495 officium
1389 2450 1658 2508 deputatum
1673 2446 1937 2505 imperatori

329 2525 398 2565 est
433 2520 639 2566 scindere
667 2520 935 2578 imperium;
969 2533 1075 2566 cum
1104 2520 1307 2567 officium
1339 2521 1435 2579 ejus
1465 2521 1537 2576 sit,
1576 2521 1826 2566 humanum
1855 2529 1932 2574 ge-

324 2605 414 2642 nus
445 2594 525 2641 uni
548 2593 666 2641 velle
691 2599 737 2640 et
769 2593 850 2639 uni
869 2593 986 2639 nolle
1011 2598 1168 2639 tenere
1193 2593 1468 2650 subjectum,
1490 2597 1542 2638 ut
1565 2591 1611 2636 in
1626 2589 1773 2648 primo
1796 2588 1936 2646 huJ‘us

364 2741 378 2770 ί
404 2741 454 2778 La
477 2742 685 2777 donazione
706 2741 742 2777 di
780 2740 1000 2778 Costantino
1023 2747 1087 2775 era
1120 2734 1122 2736 ’
1156 2748 1297 2774 narono
1319 2738 1392 2773 alia
1417 2738 1554 2775 Chiesa
1578 2738 1692 2773 Roma
1716 2746 1737 2773 e
1761 2737 1785 2772 ll
1819 2736 1940 2771 Patri-

317 2790 594 2826 una-crodenza
618 2791 678 2830 del
714 2790 838 2826 medio
861 2798 947 2832 evo,
977 2789 1090 2824 desti·
1158 2790 1282 2824 monio
1313 2789 1345 2823 si
1378 2788 1512 2823 surono
1549 2788 1694 2833 pipino,
1719 2787 1829 2824 Cario
1861 2787 1935 2823 Mu-

318 2843 400 2874 tuta
438 2841 601 2883 peraltro
635 2839 768 2885 d'ogni
801 2838 940 2872 storico
964 2837 1091 2872 fonda-
1159 2848 1243 2883 gno,
1270 2847 1291 2874 6
1315 2837 1379 2885 piu
1397 2839 1466 2875 che
1488 2837 1576 2875 altri
1602 2837 1637 2874 la
1662 2839 1837 2874 contessa
1861 2837 1936 2873 Ma·

314 2894 460 2927 mento.
486 2890 672 2936 Queglino
693 2893 914 2928 veramente
937 2889 1006 2926 che
1027 2888 1090 2926 do·
1160 2887 1266 2925 tilde.
