2054 3262
301 178 396 224 :346
899 183 1044 220 Lmen
1074 184 1337 223 SECUNDUS.
1733 153 1739 158 ’
1784 176 1786 178 ’
1814 149 1822 166 ⁸
1976 0 2054 225 ἲ

309 280 453 325 Roma
482 278 679 335 palmam
712 277 829 323 tanti
861 276 1007 324 bravii
1032 277 1090 323 sit
1122 277 1303 335 adepta,
1329 278 1486 326 multis
1510 272 1792 339 approbatur
1816 283 1944 330 testi·

310 354 501 399 moniis:
535 353 597 400 ait
630 352 751 398 enim
784 358 917 410 poeta
946 358 1104 398 noster
1134 352 1182 412 in
1215 353 1382 410 primo:
1424 355 1550 399 Certe
1578 354 1687 403 hino
1715 358 1943 404 Romanos

310 429 424 473 olim
448 427 724 472 volventibus
749 428 903 482 annis,
928 420 1050 472 Hinc
1069 427 1168 484 fore
1192 427 1412 481 ductores,
1435 431 1644 474 revocato
1668 442 1699 475 a
1719 433 1943 489 sanquine

317 503 498 557 Teucri,
539 502 627 554 Qui
651 513 795 553 mare,
828 502 905 559 qui
929 504 1084 546 terras
1108 501 1233 545 omni
1262 500 1431 547 ditione
1456 505 1673 547 tenerent.
1703 501 1764 549 Et
1793 502 1942 551 Luca-

311 585 399 619 nus
431 573 478 619 in
502 572 680 630 primo:
707 573 949 619 Dividetur
972 575 1101 631 ferro
1127 585 1345 630 reqnunu
1371 573 1614 632 populique
1628 576 1830 631 potentis,
1857 576 1946 630 Qui

299 660 454 701 fruare,
479 649 556 705 qui
578 650 744 702 terras,
769 649 848 706 qui
878 651 1017 692 totum
1046 646 1240 703 possidet
1277 645 1443 702 orbem,
1477 647 1581 695 Non
1609 648 1728 704 cepit
1753 649 1945 706 fortuna

310 720 434 765 duos.
469 719 529 765 Et
560 719 747 764 Boetius
778 719 825 765 in
857 718 1076 769 secundo,
1110 730 1218 763 cum
1244 717 1299 763 de
1324 728 1622 764 romanorum
1645 717 1854 778 principe
1878 720 1945 767 lo·
1971 733 1973 736 ·
2047 735 2054 745 ¹

309 798 553 850 queretur,
586 792 651 838 sic
684 793 860 850 inquit:
898 794 985 837 Hie
1012 796 1161 837 tamen
1186 794 1361 847 seeptro
1387 791 1574 847 populos
1597 792 1792 849 repebat,
1827 793 1945 848 Quos

309 868 428 914 videt
450 867 644 913 condens
666 867 825 912 radios
848 867 929 912 sub
953 866 1103 911 undas
1129 865 1332 920 Phcebus,
1356 868 1558 910 extremo
1583 867 1766 911 veniens
1789 867 1846 912 ab
1867 880 1942 913 or-

298 943 370 994 tu,
397 941 513 993 Quos
535 942 747 996 premunt
767 942 928 995 septem
953 938 1094 995 aelidi
1120 939 1304 991 triones,
1338 938 1456 991 Quos
1479 941 1612 983 notus
1634 938 1755 985 sicco
1777 940 1946 986 violen-
1989 933 1991 935 ’
2026 926 2028 929 ’

298 1016 378 1057 tus
402 1017 511 1057 oestu
549 1014 722 1067 Torret,
745 1011 956 1056 ardentes
982 1023 1224 1069 recoquens
1249 1023 1434 1056 arenas.
1461 1009 1558 1055 Hoc
1582 1010 1718 1058 etiam
1735 1012 1942 1058 testimo-

307 1085 437 1130 nium
470 1085 680 1142 perhibet
707 1084 856 1130 scriba
882 1083 1046 1130 Christi
1068 1084 1232 1137 Lucas,
1260 1081 1340 1140 qui
1365 1081 1515 1128 omnia
1530 1094 1644 1129 vera
1668 1082 1780 1129 dicit
1804 1083 1940 1131 etiam

306 1156 379 1203 illa
408 1163 540 1214 parte
570 1157 641 1202 sui
673 1155 864 1214 eloquii:
893 1158 1055 1202 Eoeioit
1079 1156 1278 1202 edictum
1307 1169 1348 1200 a
1368 1156 1529 1201 Cesare
1554 1154 1771 1214 Auyusto,
1797 1161 1847 1204 ut
1870 1158 1940 1203 de·

301 1232 589 1277 scriberetur
604 1231 849 1275 universus
869 1229 1006 1274 orbis
1025 1229 1075 1273 In
1093 1227 1261 1285 quibus
1279 1226 1436 1273 verbis
1456 1226 1767 1274 universalem
1781 1206 1943 1275 mundi

294 1303 668 1361 Jurisdictionem
700 1309 815 1349 tunc
846 1303 1158 1348 Romanorum
1189 1300 1344 1355 fuisse,
1370 1305 1529 1357 aperte
1559 1299 1814 1358 intelligere
1837 1313 1941 1359 pos-

307 1387 482 1421 sumus
517 1376 587 1420 Ex
613 1374 781 1433 quibus
807 1374 1018 1420 omnibus
1043 1372 1336 1419 manifestum
1361 1378 1447 1428 est,
1474 1372 1598 1429 quod
1618 1383 1836 1419 romanus
1859 1386 1940 1432 po-

306 1449 443 1506 pulus
491 1448 674 1494 cunctis
715 1447 1085 1494 athletizantibus
1123 1458 1207 1505 pro
1244 1445 1437 1503 imperio
1478 1445 1639 1492 mundi
1677 1448 1937 1505 praevaluit.

303 1522 426 1578 Ergo
459 1522 514 1567 de
546 1521 704 1568 divino
728 1520 904 1578 judicio
945 1519 1220 1578 praevaluit:
1258 1530 1341 1577 per
1381 1531 1667 1578 consequens
1697 1521 1754 1567 de
1783 1522 1941 1570 divino

295 1595 476 1653 judicio
509 1595 736 1652 obtinuit,
770 1594 895 1652 quod
926 1600 994 1640 est
1039 1594 1094 1640 de
1121 1593 1226 1651 jure
1258 1593 1524 1641 obtinuisse.

398 1666 421 1730 ἓ
454 1670 503 1716 X.
539 1669 598 1714 Et
630 1668 755 1726 quod
785 1680 868 1726 per
900 1667 1106 1713 duellum
1136 1666 1411 1724 acquiritur,
1449 1666 1505 1711 de
1529 1665 1636 1724 jure
1665 1667 1937 1730 acquiritur.

303 1745 416 1790 Nam
456 1743 726 1800 ubicunque
775 1742 1029 1787 humanum
1075 1740 1302 1798 judicium
1341 1738 1512 1796 deficit,
1554 1740 1630 1787 vel
1669 1739 1938 1798 ignorantiae

302 1817 506 1864 tenebris
530 1809 810 1872 involutum,
836 1815 911 1862 vel
938 1821 1130 1873 propter
1154 1815 1419 1873 praesidium
1441 1814 1609 1873 judicis
1633 1827 1728 1861 non
1751 1816 1936 1870 habere,

301 1905 361 1939 ne
386 1891 565 1949 Justitia
597 1889 817 1935 derelicta
846 1894 1099 1945 remaneat,
1131 1889 1472 1944 recurrendum
1493 1893 1563 1935 est
1594 1889 1651 1935 ad
1681 1888 1825 1947 illum,
1858 1888 1939 1947 qui

302 1970 487 2011 tantum
525 1975 626 2009 eam
658 1962 833 2018 dilexit,
870 1969 940 2015 ut,
982 1960 1107 2018 quod
1138 1960 1234 2017 ipsa
1264 1960 1490 2017 exigebat,
1529 1960 1585 2007 de
1617 1962 1803 2020 proprio
1833 1975 1937 2010 san-

299 2039 439 2097 guine
468 2038 708 2083 moriendo
739 2036 988 2094 supplevit.
1016 2036 1144 2082 Unde
1174 2035 1405 2092 psalmus:
1438 2037 1597 2082 Justus
1620 2038 1845 2083 Dominus
1859 2037 1939 2092 ju-

300 2114 452 2159 stitias
475 2112 655 2157 dileoeit.
683 2110 778 2155 Hoc
809 2114 968 2156 autem
997 2108 1066 2165 fit,
1101 2120 1208 2154 cum
1238 2109 1294 2153 de
1327 2108 1470 2154 libero
1500 2119 1688 2154 assensu
1719 2110 1935 2168 partium,

298 2198 393 2232 non
427 2185 546 2240 odio,
573 2185 653 2230 sed
684 2196 839 2231 amore
857 2182 1067 2242 justitiae,
1094 2195 1178 2240 per
1200 2182 1370 2230 virium
1393 2187 1486 2228 tam
1510 2182 1649 2228 animi
1671 2195 1809 2240 quam
1836 2190 1946 2231 cor-'

301 2260 424 2318 poris
447 2264 661 2304 mutuam
688 2251 982 2313 collisionem,
1010 2255 1219 2302 divinum
1240 2254 1469 2312 judicium
1490 2255 1765 2313 postulatur.
1791 2257 1936 2313 Quam

296 2332 489 2390 quidem
531 2330 827 2385 collisionem,
861 2329 967 2386 quia
1002 2328 1218 2386 primitus
1256 2326 1394 2372 unius
1434 2326 1493 2374 ad
1533 2339 1681 2374 unum
1710 2327 1814 2374 fuit·
1839 2328 1935 2387 ipsa

299 2407 506 2460 inventa,
538 2404 743 2449 duellum
773 2402 1069 2459 appellamus.
1103 2400 1192 2446 Sed
1232 2411 1416 2457 semper
1459 2400 1720 2447 cavendum
1761 2407 1848 2458 est,
1881 2408 1934 2448 ut

295 2478 690 2538 quemadmodum
720 2476 767 2521 in
792 2476 931 2521 rebus
952 2475 1124 2520 bellicis
1150 2474 1279 2532 prius
1304 2475 1455 2521 omnia
1480 2476 1699 2523 tentanda
1718 2482 1828 2522 sunt
1856 2489 1934 2534 per

298 2552 679 2610 disceptationem
711 2549 972 2607 quamdam,
1004 2555 1050 2594 et
1082 2549 1300 2594 ultimum
1341 2559 1423 2606 per
1464 2549 1674 2606 praelium
1715 2550 1933 2597 dimican-

302 2627 413 2671 dum
446 2631 514 2670 est
531 2638 544 2680 3
578 2629 631 2669 ut
663 2623 838 2669 Tullius
870 2629 916 2668 et
949 2623 1167 2680 Vegetius
1199 2622 1490 2668 concorditer
1529 2623 1826 2681 praecipiunt,
1858 2625 1933 2671 hic

300 2700 348 2745 in
368 2701 432 2746 Re
457 2698 676 2753 militari,
708 2697 782 2742 ille
811 2707 925 2744 vero
957 2696 1006 2742 in
1039 2698 1241 2756 Officiis;
1266 2701 1312 2741 et
1335 2695 1724 2754 quemadmodum
1747 2697 1796 2745 in
1822 2710 1933 2745 cura

2027 261 2054 307 s
