2054 3262
345 166 431 213 338
935 173 1075 210 mmm
1107 174 1362 214 SECUNDUS.
2030 130 2054 194 ξ

343 264 446 310 liter
476 263 854 322 principandum:
886 266 1016 312 aliter
1045 267 1127 312 sibi
1158 267 1429 327 defecissem
1471 259 1604 328 quod'
1631 277 1700 318 est
1729 271 1932 331 impossi-

340 337 440 382 bile.
474 337 584 391 Quis
607 343 761 383 autem
785 338 924 385 fuerit
948 338 1089 396 locus,
1111 346 1157 386 et
1182 354 1284 398 quae
1311 354 1434 399 genS,
1463 355 1546 400 per
1575 344 1696 390 dicta
1723 346 1934 402 superius

340 413 386 453 et
416 407 606 454 inferius
646 409 751 455 satis
791 415 860 455 est
899 411 1186 457 manifestum
1217 414 1339 470 quod
1367 415 1505 460 fuerit
1534 416 1692 472 Roma,
1721 423 1768 462 et
1808 418 1935 463 cives

340 481 451 538 ejuS,
483 483 579 528 sive
626 483 832 540 populus,
875 485 1002 540 Quod
1041 490 1085 530 et
1126 493 1256 542 poeta
1286 492 1441 532 noster
1471 487 1599 533 valde
1629 487 1857 534 subtiliter
1885 489 1933 533 in

339 559 469 600 sexto
491 554 654 611 tetigit,
677 555 972 602 introducens
992 556 1216 602 Anchisen
1239 565 1600 615 praemonentem
1618 560 1827 616 AEneam,
1846 561 1935 605 Ro·

313 637 577 672 ,manorum
607 631 798 682 patrem,
829 627 922 672 εἰει
955 629 1191 673 Excudent
1216 630 1305 675 alii
1343 632 1574 687 spirantia
1603 632 1785 677 mollius
1818 644 1933 686 aera,

344 697 482 742 Credo
506 699 718 756 equidem,
739 701 858 744 vivos
877 700 1036 745 ducent
1060 700 1112 745 de
1135 713 1365 747 marmore
1387 704 1536 748 vultus
1546 717 1569 757 ,·
1600 704 1803 750 Orabam
1826 717 1936 749 cau·

335 779 410 813 sas
433 770 608 822 melius,
634 772 817 828 caelique
851 775 1022 831 meatus
1060 773 1322 818 Describent
1347 774 1495 827 radio,
1534 778 1574 819 et
1610 779 1842 833 surgentia
1873 778 1934 821 si·

337 841 449 887 dera
474 843 652 888 dicent:
699 847 765 890 Τα
802 858 957 901 regere
993 846 1184 901 imperio
1217 846 1420 901 populos,
1445 847 1659 902 Romane,
1690 852 1935 900 memento;

340 916 421 960 Hae
441 916 522 960 tibi
537 919 670 960 erunt
689 919 823 970 artes,
837 918 1028 973 pacique
1053 917 1281 972 imponere
1296 928 1477 971 morem,
1493 919 1695 963 Parcere
1711 918 1933 974 subJeetis,
1992 940 1994 942 >

338 990 377 1032 et
400 987 624 1032 debellare
647 988 867 1044 superbo&
896 986 1242 1043 Dispositionem
1272 998 1385 1033 vero
1413 987 1501 1033 loci
1530 988 1758 1035 subtiliter
1791 989 1935 1045 tangit

338 1061 385 1105 in
414 1065 593 1118 quartu,
626 1072 733 1105 cum
762 1059 1013 1104 introducit
1045 1059 1209 1104 Jovem
1239 1058 1297 1103 ad
1325 1058 1602 1104 Mercurium
1626 1060 1682 1104 de
1704 1059 1848 1105 AEnea
1872 1060 1935 1104 lo·
2051 1112 2054 1116 Α

336 1137 556 1189 quentem
580 1132 665 1177 isto
689 1131 821 1176 modo
841 1144 850 1174 :
880 1135 979 1177 Non
1003 1132 1138 1176 illum
1156 1130 1281 1175 nobis
1301 1131 1505 1186 genitrix
1523 1131 1844 1187 pulcherrima
1867 1136 1934 1176 ta·
1999 1174 2002 1175 γ
2050 1137 2052 1141 ’

337 1204 423 1248 lem
464 1205 690 1257 Promisit,
721 1201 990 1260 Grajumqae
1035 1202 1131 1247 ideo
1166 1203 1233 1246 bis
1264 1203 1470 1248 vindicat
1499 1205 1681 1248 armis:
1721 1203 1804 1248 Sed
1838 1204 1944 1260 fore*

335 1277 412 1335 qui
454 1275 697 1332 gravidam
736 1276 956 1331 imperiis,
997 1274 1192 1332 belloque
1223 1275 1483 1331 frementem
1523 1277 1712 1321 Italiam
1748 1280 1936 1333 reperet.

341 1348 585 1404 Propterea
616 1347 722 1391 satis
751 1359 1017 1404 persuasum
1046 1352 1131 1402 est,
1163 1349 1285 1404 quod
1309 1349 1504 1406 pupulus
1526 1360 1743 1394 romanus
1770 1354 1935 1393 natura

339 1419 572 1464 ordinatus
600 1419 685 1464 fuit
714 1419 771 1464 ad
799 1418 1129 1476 imperandum.
1155 1419 1274 1476 Ergo
1303 1432 1519 1466 romanus
1557 1420 1768 1479 populuS,
1797 1420 1935 1477 subji-

341 1490 499 1535 ciendo
530 1491 613 1536 sibi
645 1492 819 1547 orbem,
850 1491 905 1536 de
931 1490 1035 1547 jure
1064 1491 1122 1536 ad
1150 1491 1566 1548 imperiumvenit.

425 1560 448 1624 ἓ
487 1563 593 1609 VIII.
639 1563 710 1608 Ad
753 1564 869 1608 bene
914 1575 1097 1620 quoque
1141 1563 1402 1610 venandum
1446 1563 1692 1610 veritatem
1736 1561 1936 1620 quaesiti,

337 1635 453 1681 scire
482 1641 679 1693 oportet,
715 1636 836 1693 quod
877 1635 1085 1681 divinum
1118 1634 1344 1693 judicium
1381 1635 1430 1680 in
1467 1635 1622 1690 rebuS,
1661 1635 1936 1694 quandoque

336 1706 594 1752 hominibus
623 1712 690 1752 est
718 1706 1026 1762 manifestum,
1057 1705 1331 1763 quandoque
1363 1705 1612 1752 occultum.
1651 1705 1712 1751 Et
1748 1706 1936 1752 manife-

336 1785 460 1823 stum
505 1783 656 1835 potest
702 1788 799 1823 esse
845 1776 1103 1834 dupliciter,
1147 1778 1324 1822 ratione
1366 1776 1540 1823 scilicet
1583 1782 1631 1824 et
1671 1776 1777 1823 fide.
1823 1777 1938 1823 Nam

337 1852 547 1909 quaedam
569 1850 740 1908 judicia
771 1850 854 1895 Dei
883 1855 1009 1905 sunt,
1039 1849 1097 1894 ad
1125 1860 1230 1906 quae
1260 1849 1455 1895 humana
1485 1849 1600 1896 ratio
1628 1849 1822 1908 propriis
1858 1861 1937 1906 pe-

338 1923 467 1969 dibus
497 1923 760 1981 pertingere
791 1927 941 1980 potest
956 1935 971 1978 3
991 1919 1004 1945 ¹
1045 1921 1165 1967 sicut
1190 1921 1247 1966 ad
1274 1922 1388 1967 hoc:
1420 1922 1543 1980 quod
1580 1921 1716 1967 homo
1754 1933 1837 1980 pro
1865 1933 1933 1967 sa-

336 1993 431 2040 lute
461 1994 621 2051 patriae
654 1993 852 2051 seipsum
883 1998 1095 2050 exponat.
1128 1993 1242 2037 Nam
1268 1992 1304 2038 si
1329 2004 1434 2051 pars
1462 1994 1599 2040 debet
1627 2004 1676 2039 se
1706 2006 1934 2052 exponere
2005 2005 2008 2007 “

338 2078 419 2124 pro
449 2067 596 2112 salute
627 2066 785 2122 totiuS,
816 2077 921 2111 cum
945 2066 1078 2112 homo
1107 2066 1165 2111 sit
1195 2077 1299 2125 pars
1321 2066 1532 2124 quaedam
1557 2058 1772 2122 civitatiS,
1794 2071 1849 2111 ut
1870 2067 1934 2113 ait

335 2136 620 2194 philosophus
649 2136 698 2181 in
728 2135 822 2181 suis
855 2137 1030 2189 Politis,
1070 2136 1204 2182 homo
1241 2148 1324 2194 pro
1363 2136 1510 2194 patria
1538 2137 1673 2183 debet
1703 2149 1936 2195 exponere

335 2208 549 2266 seipsum,
569 2214 802 2266 tamquam
825 2207 978 2252 minus
1002 2207 1172 2252 bonum
1189 2218 1272 2264 pro
1290 2206 1480 2253 meliori.
1498 2207 1626 2253 Unde
1647 2207 1936 2266 pbilosophus

334 2281 392 2327 ad
418 2280 769 2327 Nicomachum:
797 2280 1007 2325 Amabile
1035 2280 1214 2339 quidem
1246 2291 1337 2325 esse
1362 2283 1402 2326 et
1432 2281 1518 2325 una·
1539 2280 1627 2326 soli
1652 2280 1829 2335 melius,
1859 2280 1938 2326 sed

334 2355 539 2401 divinius
558 2355 677 2412 qemi
698 2358 738 2399 et
761 2355 949 2400 civitati.
969 2352 1028 2398 Et
1051 2352 1136 2398 hoc
1155 2351 1382 2410 judicium
1405 2351 1488 2398 Dei
1509 2357 1578 2398 est
1603 2351 1934 2409 cognoscibile:

333 2427 464 2473 aliter
492 2426 689 2472 humana
712 2425 828 2471 ratio
852 2424 899 2470 in
923 2435 1006 2470 sua
1029 2424 1305 2471 rectitudine
1334 2435 1428 2471 non
1455 2429 1730 2482 sequeretur
1750 2428 1933 2470 naturae

332 2498 651 2553 intentionem,
683 2497 805 2556 quod
834 2502 903 2542 est
934 2496 1218 2554 impossibile.
1261 2496 1480 2553 Quaedam
1516 2500 1675 2543 autem
1711 2500 1822 2543 sunt
1849 2495 1934 2541 Dei

331 2567 513 2627 judicia,
536 2567 593 2613 ad
617 2579 721 2625 quae
750 2567 945 2613 humana
977 2567 1109 2624 ratic,
1134 2567 1222 2613 etsi
1250 2579 1310 2614 ex
1338 2566 1532 2627 propriis
1559 2567 1823 2627 pertingere
1851 2578 1931 2614 ne·

335 2641 453 2700 quit,
483 2640 689 2687 elevatur
713 2643 867 2685 tamen
890 2638 947 2685 ad
969 2637 1043 2685 illa
1068 2650 1175 2686 cum
1196 2637 1421 2696 adiutorio
1443 2638 1547 2685 fidei
1570 2643 1803 2686 eteorum
1825 2649 1935 2698 qum

369 2775 383 2803 ¹
409 2775 480 2812 Per
499 2775 595 2822 μῦσαι·
608 2774 701 2811 della
716 2776 861 2820 rapione
883 2775 1038 2811 intende
1063 2775 1095 2810 la
1169 2775 1274 2820 quali
1297 2785 1319 2811 e
1341 2785 1410 2822 per
1434 2775 1469 2813 le
1491 2775 1595 2821 quali
1615 2779 1720 2814 certe
1742 2776 1866 2814 verita
1888 2777 1942 2814 ri·

320 2833 391 2860 sua
409 2824 577 2861 naturale
591 2823 804 2869 attitudine,
821 2823 856 2861 le
879 2832 947 2860 sue
965 2824 1095 2870 forme,
1169 2834 1382 2863 conoscono
1404 2825 1452 2863 da
1476 2833 1562 2864 essa
1581 2824 1664 2864 sola
1679 2825 1715 2863 la
1737 2824 1795 2864 lor
1815 2825 1941 2864 susst-

319 2882 350 2912 ο
380 2873 416 2912 lc
448 2873 547 2921 leggi
575 2873 622 2911 cd
659 2881 745 2911 essa
782 2873 958 2920 inei-enti,
995 2871 1096 2911 nelle
1170 2877 1314 2912 stenza.
