2054 3262
306 158 395 204 362
924 167 1068 204 LIBER
1098 167 1320 207 TERTmS.

311 259 627 317 impedimenti
659 260 733 317 sit,
768 273 861 307 non
901 273 997 308 esse
1036 262 1103 308 rei
1149 262 1411 321 impeditae3
1450 271 1742 324 sequeretur,
1781 267 1932 315 Deum

311 334 430 381 velle
461 347 554 379 non
579 346 675 380 esse
701 333 840 380 finem
874 341 1070 393 naturae,
1098 337 1177 394 qui
1213 337 1382 384 dicitur
1421 338 1540 385 velle
1579 351 1692 387 esse.
1733 341 1779 388 Si
1809 342 1932 389 enim

311 407 436 452 Deus
462 419 554 452 non
578 407 717 454 vellet
743 407 1121 466 impedimentum
1136 403 1266 467 finis,
1293 417 1431 468 prout
1455 423 1550 457 non
1583 411 1742 470 veliet,
1767 426 1930 474 seque-

318 484 452 525 retur
476 480 532 525 ad
563 491 657 524 non
681 480 814 537 velle,
850 481 973 538 quod
1002 483 1111 527 nihil
1150 483 1206 528 de
1240 483 1568 541 impedimento
1600 491 1802 544 curaret,
1834 487 1932 535 sive

313 557 432 597 osset
457 551 555 598 sive
588 564 682 597 non
706 559 839 600 esset.
874 555 962 601 Sed
995 555 1075 612 qui
1107 555 1486 613 impedimentum
1518 569 1613 603 non
1653 564 1807 617 curat,
1833 572 1931 606 rem

316 638 420 682 quae
446 631 597 683 potest
622 627 829 684 impediri
853 641 946 674 non
971 634 1117 686 curat,
1155 635 1200 674 et
1232 642 1316 687 per
1351 641 1637 689 consequens
1674 644 1770 679 non
1799 633 1934 680 habet

315 701 361 744 in
392 700 654 758 voluntate,
682 707 726 747 et
753 702 875 759 quod
901 702 1002 760 quis
1027 715 1120 747 non
1144 703 1280 749 habet
1314 704 1363 748 in
1393 704 1652 762 voluntate,
1681 718 1777 752 non
1806 706 1927 754 vult.

310 774 505 831 Propter
530 774 668 832 quod,
693 774 731 819 si
756 774 857 819 finis
883 780 1062 821 naturae
1089 776 1298 833 impediri
1321 782 1488 834 potest,
1520 778 1644 836 quod
1667 783 1850 836 potest,
1878 779 1934 824 de

314 848 584 893 necessitate
608 847 834 906 sequitur,
861 848 985 905 quod
1009 848 1132 894 Deus
1151 847 1292 893 finem
1316 854 1496 895 naturae
1523 860 1617 894 non
1641 849 1744 896 vult
1755 863 1771 907 3
1799 856 1846 896 et
1868 850 1934 897 sic

314 921 530 977 sequitur·
552 921 674 979 quod
697 921 840 978 priuS,
865 921 1084 967 videlicet
1110 922 1259 967 Deum
1285 922 1403 968 velle
1429 922 1554 980 quod
1580 935 1674 968 non
1698 922 1816 971 vult.
1853 923 1935 968 Ve-
1981 919 1984 921 ’

309 995 545 1040 γΓίεείηῑυΠι
577 995 716 1051 igitur
747 1000 814 1040 est
848 994 961 1039 illud
993 994 1287 1052 principium,
1313 1007 1374 1041 ex
1410 994 1540 1052 cujus
1578 995 1935 1042 contradictorio

316 1074 408 1114 tam
434 1069 629 1114 absurda
653 1074 928 1127 sequuntur.
1325 1062 1327 1064 ’

402 1139 425 1201 §
458 1143 526 1189 111.
551 1143 603 1188 In
627 1143 822 1188 introitu
845 1143 903 1189 ad
927 1143 1229 1201 quaestionem
1254 1143 1372 1190 hanc
1406 1148 1567 1190 notare
1591 1149 1788 1202 oportet,
1814 1144 1939 1203 quod

316 1215 477 1273 primae
503 1216 768 1274 quaestionis
793 1217 967 1263 veritas
1000 1213 1141 1274 magis
1171 1217 1500 1264 manifestanda
1533 1216 1622 1263 fuit
1646 1217 1704 1263 ad
1725 1216 1938 1274 ignoran-

310 1287 426 1334 tiam
450 1288 710 1345 tollendam,
737 1302 873 1347 quam
898 1291 955 1336 ad
981 1290 1229 1336 tollendum
1256 1290 1467 1348 litigium.
1501 1291 1591 1337 Sed
1624 1290 1713 1336 hoc
1750 1290 1837 1336 fuit
1868 1302 1940 1336 se-

317 1361 482 1406 cundae
509 1360 792 1418 quaestionis,
819 1367 872 1407 ut
904 1357 1133 1419 quomodo
1164 1367 1209 1407 et
1235 1362 1431 1420 qualiter
1455 1362 1513 1409 ad
1531 1353 1848 1420 'ignorantiam
1877 1363 1941 1410 ita

311 1436 374 1481 ad
398 1435 594 1492 litigium
618 1447 666 1481 se
690 1435 865 1482 habeat.
893 1435 1033 1482 Multa
1058 1436 1230 1482 etenim
1253 1435 1533 1493 ignoramuS,
1564 1437 1620 1482 de
1647 1437 1816 1495 quibus
1844 1449 1940 1483 non

316 1507 573 1565 litigamus:
601 1520 706 1555 nam
731 1513 962 1565 geometra
990 1508 1155 1565 circuli*
1173 1509 1502 1566 quadraturam
1532 1509 1730 1566 ignorat,
1753 1522 1847 1555 non
1872 1515 1941 1555 ta-

317 1593 424 1627 men
450 1581 506 1626 de
530 1581 625 1639 ipsa
648 1580 824 1637 litigat,
852 1579 1089 1636 theologus
1115 1582 1226 1626 vero
1243 1593 1501 1636 ,numerum
1522 1581 1791 1638 angelorum
1814 1581 1942 1638 igno-

317 1660 405 1710 rat,
429 1666 524 1699 non
545 1659 701 1700 tamen
718 1654 773 1698 de
790 1653 864 1698 illo
888 1653 1084 1710 litigium
1108 1653 1244 1712 facit3
1267 1655 1516 1714 AEgyptius
1536 1646 1801 1702 civilitatem
1823 1655 1942 1714 Scy·-

319 1729 503 1775 tharum
526 1727 721 1785 ignorat,
747 1740 841 1773 non
864 1728 1164 1785 propterbhoc
1194 1728 1387 1786 litigium
1410 1728 1517 1775 facit
1547 1727 1602 1773 de
1641 1740 1802 1774 eorum
1827 1727 1939 1775 civi-

316 1801 458 1848 litate.
499 1800 643 1858 Hujus
669 1801 855 1858 quidem
895 1801 1046 1846 tertiae
1084 1801 1354 1859 quaestionis
1392 1798 1572 1849 veritas
1597 1806 1779 1848 tantum
1805 1801 1944 1847 habet

315 1874 529 1931 litigium,
554 1879 607 1919 ut
633 1874 1019 1931 quemadmodum
1050 1874 1098 1918 in
1122 1874 1218 1920 aliis
1243 1873 1498 1935 ignorantia
1521 1874 1636 1919 solet
1661 1885 1759 1919 esse
1785 1885 1945 1921 caussa

316 1949 463 2007 litigii,
488 1949 554 1995 sic
579 1954 625 1994 et
651 1948 724 1994 liic
747 1947 944 2005 litigium
971 1960 1129 1994 caussa
1154 1947 1424 2005 ignorantiae
1445 1948 1518 1994 sit.
1545 1945 1714 2004 Magnis
1747 1945 1942 1991 homini·
2011 1983 2014 1984 γ

318 2021 405 2068 bus
440 2032 640 2078 namque
679 2019 869 2065 rationis
906 2019 1127 2065 intuitum
1159 2019 1400 2067 voluntate
1434 2018 1812 2078 praevolantibUS,
1857 2018 1945 2064 hoc

315 2107 441 2153 saepe
467 2094 713 2152 contingit:
740 2099 794 2140 ut
825 2094 941 2139 male
971 2093 1139 2151 affecti,
1175 2094 1348 2140 lumine
1371 2094 1564 2141 rationis
1602 2093 1849 2153 pospositO,
1881 2093 1944 2140 af-

319 2169 444 2215 fectu
471 2168 599 2226 quasi
632 2167 744 2213 caeci
769 2167 1025 2223 trahantur,
1053 2172 1099 2212 et
1124 2166 1425 2224 pertinaciter
1449 2178 1581 2213 suam
1614 2167 1842 2224 denegent
1869 2175 1955 2213 ce*

318 2241 522 2287 citatem.
545 2239 673 2286 Unde
697 2239 750 2284 fit
766 2251 987 2297 persaepe,
1009 2239 1133 2296 quod
1154 2251 1247 2284 non
1263 2238 1411 2284 solum
1428 2238 1598 2286 falsitas
1617 2239 1945 2297 patrimonium

318 2315 498 2370 habeat,
531 2314 611 2358 sed
650 2313 873 2371 plerique,
915 2318 968 2358 ut
1017 2313 1072 2357 de
1118 2313 1211 2357 suis
1257 2312 1466 2358 terminis
1511 2313 1814 2370 egredienteS,
1862 2324 1946 2370 per

316 2388 464 2435 aliena
496 2393 644 2434 castra
675 2386 952 2444 discurrant,
984 2387 1064 2432 ubi
1093 2387 1203 2433 nihil
1235 2387 1543 2443 intelligentes
1580 2387 1682 2445 ipsi,
1723 2386 1833 2434 nihil
1875 2386 1944 2433 in-

321 2461 623 2518 telliguntur3
655 2466 702 2505 et
733 2459 800 2505 sic
830 2465 1087 2517 provocant
1119 2460 1340 2517 quosdam
1368 2460 1426 2506 ad
1454 2459 1587 2516 iram,
1626 2459 1849 2518 quosdam
1887 2459 1944 2506 ad

319 2535 696 2592 indignationem,
729 2532 974 2579 nonnullos
1005 2535 1063 2580 ad
1092 2534 1250 2581 risum.
1293 2535 1438 2592 Igitur
1478 2539 1638 2580 contra
1675 2533 1940 2588 veritatem,

316 2621 425 2668 quae
459 2608 704 2666 quaeritur,
746 2606 834 2653 tria
872 2606 1113 2652 hominum
1157 2619 1323 2663 genera
1368 2607 1568 2653 maxime
1614 2604 1940 2654 colluctantur.

321 2683 539 2729 Summus
567 2693 767 2739 namque
799 2681 1028 2739 Pontifex,
1062 2682 1231 2738 domini
1263 2683 1409 2729 nostri
1448 2683 1559 2728 Jesu
1594 2671 1773 2728 ¹Christi
1819 2682 1943 2729 vica-

316 2755 417 2803 rius
449 2760 494 2800 et
525 2754 651 2801 Petri
682 2766 935 2811 successor,
983 2754 1058 2800 cui
1097 2767 1192 2801 non
1233 2754 1454 2815 quicquid
1496 2753 1676 2801 Christo
1714 2753 1797 2800 sed
1842 2752 1958 2821 qui-3
