2054 3262
333 125 425 171 384
953 133 1098 170 Lmssn
1126 132 1348 173 TERTHJS.

341 228 508 275 Scribit
550 227 705 283 etiam,
753 226 879 285 quod
927 224 1150 283 Christus,
1191 238 1299 272 cum
1346 225 1519 273 diceret
1560 226 1811 288 discipuliS,
1855 234 1967 292 quia

332 300 568 357 oportebat
610 312 710 344 eum
750 301 822 344 ire
867 301 918 345 in
963 300 1272 354 Hierusalem,
1309 302 1350 345 et
1384 300 1531 346 multa
1564 303 1682 359 pati,
1721 305 1966 362 assumpsit

337 384 443 418 eum
476 373 659 428 Petrus,
688 377 735 417 et
767 368 903 429 coepit
935 371 1174 429 increpare
1201 383 1324 427 eum,
1352 371 1543 418 dicens:
1569 373 1702 421 Absit
1734 375 1816 422 hoc
1848 391 1878 422 a
1907 382 1963 430 te,

338 448 546 503 Domine,
587 459 678 491 non
704 447 793 492 erit
817 447 897 492 tibi
920 446 1014 492 hoe.
1033 445 1103 491 Ad
1121 457 1260 503 quem
1286 444 1510 502 ChristuS,
1537 457 1647 492 eum
1669 447 1964 509 redarguenS,

336 530 591 564 conversus
618 518 762 564 dixit:
797 518 914 565 Vade
938 522 1034 576 post
1054 531 1137 574 me,
1165 514 1381 564 Sathano.
1409 518 1527 563 Item
1555 519 1733 577 scribit,
1763 511 1889 579 quod
1918 523 1965 569 in
2035 567 2041 573 ,

337 595 495 635 monte
524 589 953 647 transfigurationis,
978 590 1026 635 in
1067 596 1321 647 conspectu
1347 590 1528 647 Christi,
1564 591 1724 651 Moysi,
1756 598 1803 640 et
1834 593 1964 653 Eliae,

331 671 383 710 et
415 665 614 710 duorum
637 665 836 710 filiorum
857 665 1082 720 Zebedaei,
1109 665 1226 710 dixit
1246 678 1256 711 :
1285 666 1466 710 Bonum
1489 669 1550 711 est
1576 678 1656 712 nos
1679 667 1755 714 hic
1776 681 1868 714 esse
1879 683 1899 723 ;
1923 672 1964 717 si

336 741 420 794 vis,
447 740 677 796 faciamus
708 739 781 784 hic
818 740 916 783 tria
949 738 1269 794 tabernacula,
1307 737 1390 782 tibi
1424 751 1583 794 unum,
1624 741 1776 798 Moysi
1803 755 1962 800 unum,

328 817 375 859 et
406 814 523 858 Elioe
551 825 709 857 unum.
743 812 857 857 Item
891 811 1066 866 scribit,
1099 811 1224 868 quod
1256 822 1363 856 cum
1396 811 1607 870 discipuli
1627 819 1781 860 essent
1812 815 1861 860 in
1883 829 1963 863 na-

334 886 488 932 vicula
525 891 732 944 tempore
778 884 943 940 noctiS,
985 890 1031 929 et
1068 884 1276 931 Christus
1306 884 1563 931 ambularet
1597 899 1739 944 super
1777 901 1988 948 aquam,¹

334 957 504 1002 Petrus
542 957 687 1003 dixit:
735 959 942 1011 Domine,
982 958 1023 1003 si
1062 961 1110 1003 tu
1145 970 1203 1010 es,
1227 958 1338 1013 jube
1371 972 1439 1003 me
1470 958 1532 1004 ad
1563 963 1604 1004 te
1633 962 1793 1007 venire
1821 975 1961 1020 saper

328 1045 490 1091 aquas.
524 1032 639 1076 Item
669 1030 842 1086 scribit,
874 1031 999 1088 quod
1030 1042 1138 1076 cum
1169 1030 1376 1076 Christus
1402 1033 1749 1089 praenunciaret
1775 1036 1962 1083 scanda-

333 1105 429 1149 lum
456 1104 688 1162 discipulis
711 1104 820 1160 suiS,
846 1105 1015 1150 Petrus
1038 1103 1303 1162 respondit.
1337 1106 1438 1150 Etsz
1467 1118 1618 1151 omnes
1641 1108 1964 1158 scandalizati

325 1180 506 1235 luerint
537 1192 587 1222 m
612 1182 665 1233 te,
683 1190 758 1234 eqo
783 1190 1019 1236 nunquam
1042 1177 1418 1223 scandalizabor.
1445 1177 1506 1222 Et
1535 1177 1680 1226 infra:
1707 1181 1812 1228 Etsi
1831 1195 1962 1240 opor-

327 1253 472 1297 tuerit
502 1265 570 1296 me
595 1253 734 1296 simul
760 1252 881 1295 mori
906 1255 1067 1304 tecum,
1097 1264 1187 1295 non
1212 1254 1252 1295 te
1277 1250 1458 1307 neqabo.
1487 1250 1547 1295 Et
1571 1250 1658 1298 hoc
1693 1253 1832 1300 etiam
1857 1267 1962 1302 con-

333 1329 530 1369 testatur
556 1324 747 1369 Marcus
766 1325 915 1369 Lucas
939 1334 1054 1369 vero
1071 1323 1246 1377 scribit,
1264 1323 1460 1368 Petrum
1486 1324 1623 1369 etiam
1646 1325 1814 1373 dixisse
1833 1327 1961 1375 Chri-

330 1403 416 1453 sto,
450 1407 614 1453 parum
644 1408 783 1452 supra
804 1396 944 1441 verba
974 1396 1206 1453 praemissa
1243 1397 1299 1442 de
1339 1397 1525 1454 gladiis:
1553 1399 1765 1454 Domi-ne,
1814 1404 1962 1449 tecum

323 1472 523 1526 ,paratus
549 1480 648 1514 sum
674 1471 713 1512 et
739 1470 790 1513 in
821 1481 1060 1514 carcerem
1089 1473 1129 1514 et
1158 1471 1210 1515 in
1245 1475 1433 1516 mortem
1459 1473 1544 1517 ire.
1577 1471 1776 1519 Joannes
1803 1479 1962 1521 autem

332 1539 442 1586 dicit
476 1540 532 1584 de
564 1539 653 1596 illo,
687 1539 812 1596 quod
843 1551 951 1585 cum
983 1540 1191 1587 Christus
1221 1541 1362 1587 vellet
1393 1541 1475 1587 sibi
1507 1543 1661 1590 lavare
1692 1544 1846 1601 pedes
1875 1547 1958 1591 Pe-

332 1621 432 1660 trus
461 1614 551 1660 ait:
586 1615 798 1667 Domine,
824 1617 873 1659 tu
898 1614 1012 1659 mihi
1034 1615 1166 1660 lavas
1190 1615 1354 1672 pedes?
1385 1614 1445 1661 Et
1475 1615 1621 1663 infra:
1655 1619 1761 1666 Non
1782 1619 1961 1667 lavabis

324 1690 442 1736 mihi
467 1689 596 1746 pedes
630 1691 680 1733 in
714 1692 947 1733 oeternum.
982 1687 1102 1733 Dicit
1135 1688 1289 1745 etiam,
1322 1689 1474 1747 ipsum
1503 1690 1649 1748 gladio
1680 1694 1961 1751 percussisse

329 1764 527 1811 ministri
553 1776 773 1810 servum:
802 1764 925 1821 quod
951 1763 1089 1810 etiam
1117 1764 1415 1811 conscribunt
1450 1777 1612 1812 omnes
1636 1772 1851 1824 quatuor.
1879 1769 1958 1816 Di·

323 1838 390 1884 cit
414 1838 553 1884 etiam
578 1838 792 1894 Joannes,
815 1837 968 1895 ipsum
987 1836 1253 1884 introivisse
1279 1838 1448 1895 subite,
1477 1850 1586 1884 cum
1610 1839 1741 1886 venit
1779 1840 1828 1887 in
1857 1853 1955 1888 mo-

327 1916 620 1965 numentum,
648 1909 809 1956 videns
856 1910 994 1956 alium
1047 1909 1323 1967 discipulum
1355 1916 1655 1958 cunctantem
1683 1913 1741 1960 ad
1771 1914 1954 1961 ostium.

327 1983 447 2028 Dicit
474 1983 663 2038 iterum,
706 1982 829 2040 quod
864 1982 1094 2028 existente
1133 1981 1311 2027 Christo
1343 1981 1390 2028 in
1415 1981 1585 2038 littore,
1612 1989 1714 2041 post
1749 1997 1957 2031 resurre-

323 2057 543 2111 ctionem,
571 2068 677 2101 cum
699 2056 866 2101 Petrus
890 2054 1141 2100 audivisset
1174 2054 1279 2112 quia
1312 2054 1536 2100 Dominus
1567 2061 1702 2112 esset,
1723 2056 1957 2104 subcinxit

318 2141 373 2175 se
405 2129 562 2175 tunica
584 2128 703 2189 (erat
734 2127 857 2172 enim
888 2125 1078 2184 nudus),
1102 2131 1148 2171 et
1175 2124 1299 2171 misit
1323 2138 1372 2171 se
1396 2126 1444 2173 in
1468 2139 1609 2174 mare.
1636 2129 1804 2177 Ultimo
1829 2131 1956 2193 dicit,

320 2203 450 2261 quod
471 2214 579 2248 cum
604 2203 773 2248 Petrus
804 2200 995 2247 vidisset
1027 2200 1268 2255 Joannem,
1301 2199 1416 2245 dixit
1446 2200 1586 2246 Jesu:
1628 2202 1837 2258 Domine,
1876 2204 1953 2250 hic

320 2279 475 2322 autem
513 2275 662 2334 quid?
707 2274 850 2319 Juvat
896 2273 1066 2331 quippe
1097 2272 1202 2319 talia
1234 2272 1289 2317 de
1324 2272 1680 2320 archimandrita
1718 2280 1878 2321 nostro
1907 2275 1956 2322 in

323 2350 505 2396 laudem
537 2361 632 2394 suae
665 2347 879 2406 puritatis
905 2347 1226 2402 continuasse,
1250 2345 1298 2391 in
1328 2345 1498 2404 quihus
1517 2352 1676 2404 aperte
1701 2347 1954 2406 deprehen-

323 2425 465 2480 ditur,
489 2424 614 2482 quod
640 2434 747 2467 cum
775 2421 830 2467 de
858 2421 1039 2466 duobus
1064 2419 1221 2476 gladiis
1244 2419 1535 2478 loquebatur,
1566 2420 1823 2468 intentione
1846 2423 1954 2468 sim·

322 2498 430 2557 plici
469 2495 774 2553 respondebat
814 2494 872 2540 ad
900 2493 1146 2539 Christum.
1177 2493 1308 2549 Quod
1347 2493 1385 2539 si
1422 2493 1564 2541 verba
1601 2494 1674 2540 illa
1709 2494 1876 2542 Christi
1906 2502 1954 2542 et

322 2573 449 2620 Petri
484 2571 639 2630 typice
670 2575 780 2616 sunt
813 2569 1094 2626 accipienda,
1122 2581 1215 2613 non
1235 2569 1291 2614 ad
1329 2568 1416 2615 hoc
1442 2574 1611 2625 tamen,
1643 2570 1768 2628 quod
1792 2570 1953 2619 dicunt

325 2647 415 2704 isti,
455 2645 676 2693 trahenda
716 2648 842 2700 sunt,
883 2642 965 2687 scd
1003 2641 1244 2688 referenda
1279 2641 1337 2689 ad
1359 2653 1545 2689 sensum
1570 2642 1689 2690 illius
1718 2642 1870 2702 gladii,
1896 2644 1955 2691 de
