2054 3262
268 157 349 203 178
887 166 1031 202 LIBER
1061 165 1255 203 PRIMUS.

266 263 472 321 utileque
505 262 696 309 videtur
724 263 1015 322 municipalia
1042 263 1248 321 vulgaria
1282 264 1601 331 Tuscanorum
1632 265 1892 324 singulatim

264 338 311 384 in
336 338 490 396 aliquo
513 338 802 396 depompare.
830 338 1111 396 Loquuntur
1138 339 1410 396 Florentini,
1436 344 1482 386 et
1507 339 1700 386 dicunt:

757 444 773 459 α
801 427 1062 464 Manuchiamo
1091 415 1345 477 inti-oeque21

793 494 873 531 Non
901 493 1083 530 succlamo
1111 493 1224 530 altro.
1251 509 1267 525 ιο

262 586 441 632 Pisani:

548 693 563 708 a
589 676 688 713 Bene
716 676 892 714 andonno
921 677 947 713 li
978 678 1072 715 fanti
1100 677 1139 715 di
1168 678 1348 716 Pion-ansa
1377 690 1447 728 per
1475 679 1570 716 Pisa.
1597 695 1613 711 »

260 753 525 802 Lucenses:

410 858 425 873 αι
454 843 503 879 Fo
534 849 619 879 voto
648 855 668 880 a
697 844 781 893 Dio,
806 845 874 881 che
903 844 940 881 in
971 856 1127 894 gassara
1156 844 1214 881 eie
1242 844 1278 881 lo
1306 855 1469 881 comuno
1495 843 1542 881 de
1571 843 1699 882 Lucas
1723 859 1741 876 ι

257 938 515 985 senenses:

649 1042 665 1059 α
689 1025 847 1064 0nche3
875 1027 1051 1076 rinegata
1078 1038 1208 1065 avesse
1238 1027 1275 1065 io
1304 1028 1428 1065 Stena.
1451 1044 1469 1060 ι

253 1119 458 1166 Arretini
478 1135 489 1168 :

794 1230 810 1246 α
837 1213 904 1252 Vo’
922 1219 962 1252 tu
992 1214 1123 1252 venire
1152 1215 1310 1253 oveuw
1337 1232 1353 1248 ι

257 1306 324 1352 De
350 1306 561 1363 PerusiO,
587 1306 708 1353 Urbe
733 1307 905 1365 Veteri,
928 1308 1150 1366 ViterbiO,
1176 1322 1262 1355 nec
1287 1322 1381 1355 non
1407 1310 1462 1355 de
1489 1309 1686 1358 Civitate
1719 1309 1890 1356 Castel-

251 1378 354 1425 lana
392 1385 585 1437 propter
620 1379 920 1437 adfinitatem,
961 1394 1100 1439 quam
1141 1395 1249 1428 oum
1289 1383 1507 1429 Romanis
1545 1389 1592 1430 et
1634 1382 1886 1441 Spoletanis

249 1452 433 1510 habent,
462 1454 574 1498 nihil
608 1459 808 1500 tractare
839 1455 1136 1502 intendimus,
1172 1456 1262 1502 Sed
1294 1469 1573 1515 quamquam
1601 1456 1698 1503 fere
1729 1467 1885 1501 omnes

252 1524 390 1570 Tusci
419 1524 468 1570 in
493 1537 577 1571 suo
605 1525 887 1584 turpiloquio
912 1526 1004 1573 sint·
1031 1527 1199 1584 obtusi,
1232 1529 1477 1574 nonnullos
1507 1528 1711 1586 vulgaris
1739 1528 1889 1574 excel-

247 1597 438 1644 lentiam
470 1600 740 1657 cognovisse
786 1600 1030 1658 sensimus,
1070 1601 1247 1649 seilicet
1295 1603 1562 1661 Guidonem,
1605 1603 1797 1661 Lapum,
1836 1608 1883 1649 et

250 1684 397 1718 unum
418 1673 597 1731 alium,⁵
630 1673 918 1732 florentinOS,
946 1681 992 1721 et
1020 1675 1187 1722 Cinum
1218 1677 1557 1735 pistoriensem,
1588 1688 1729 1735 quem
1757 1689 1884 1723 nuno

250 1746 437 1803 indigne
470 1747 808 1806 postponimus,
840 1761 934 1795 non
965 1750 1151 1808 indigne
1193 1750 1378 1797 coacti.⁶
1417 1751 1576 1809 Itaque
1607 1751 1645 1796 si
1671 1756 1885 1797 tuscanas

249 1821 569 1867 examinemus
593 1821 813 1880 loquelas,
832 1835 940 1868 oum
965 1834 1213 1881 pensemus
1238 1824 1437 1882 qualiter
1459 1822 1881 1881 viri‘praehonorati

245 1905 271 1938 a
298 1894 482 1951 propria
509 1894 823 1952 diverterunt,
856 1907 949 1940 non
977 1900 1122 1941 restat
1151 1895 1200 1941 in
1233 1895 1388 1959 dubi0,
1414 1895 1528 1953 quin
1551 1894 1677 1940 aliud
1699 1894 1758 1940 sit
1782 1894 1885 1941 vul-

220 1978 370 2023 -gare,
401 1967 526 2024 quod
557 1968 827 2025 quaerimUS,
869 1981 1009 2026 quam
1039 1968 1164 2027 quod
1202 1968 1387 2025 attingit
1426 1968 1623 2026 populus
1654 1968 1885 2014 Tuscano-

244 2052 366 2086 rum.
397 2041 441 2086 Si
467 2041 572 2099 quis
595 2047 753 2088 autem
778 2043 902 2100 quod
928 2043 984 2088 de
1007 2043 1169 2089 Tuscis
1190 2042 1464 2102 ,asserimus
1490 2042 1546 2087 de
1571 2041 1883 2087 Januensibus

245 2113 545 2158 asserendum
577 2125 671 2159 non
706 2120 857 2171 putet,
888 2114 975 2161 hoo
1004 2115 1153 2161 solum
1188 2115 1236 2160 in
1274 2121 1433 2161 mente
1463 2121 1658 2173 premat,
1690 2114 1815 2172 quod
1843 2114 1882 2159 si

245 2197 327 2243 per
358 2185 636 2232 oblivionem
666 2187 923 2234 Januenses
954 2188 1273 2235 ammitterent
1299 2201 1326 2233 z
1351 2188 1569 2246 litteram,
1600 2188 1677 2235 vel
1706 2188 1879 2234 mutire

280 2311 294 2339 ¹
321 2311 411 2349 Cloe
441 2315 650 2358 manyiamo
678 2313 874 2357 frattanto.
909 2314 1025 2348 Intro·
1140 2311 1158 2337 ¹*
1183 2312 1310 2355 Ovelle,
1348 2312 1434 2348 dice
1468 2312 1494 2347 il
1532 2311 1741 2348 Corbinelli
1777 2321 1883 2348 esser

236 2374 321 2409 oque
337 2364 358 2399 e
374 2364 420 2399 da
438 2366 536 2399 inter
551 2364 626 2400 hoc.
1093 2363 1186 2398 fatto
1209 2363 1254 2397 da
1280 2372 1363 2398 ovec
1392 2362 1470 2406 elle,
1492 2363 1595 2408 dagli
1619 2363 1761 2400 antichi
1785 2362 1885 2397 fran-

278 2416 295 2442 2
317 2418 357 2450 m
370 2425 526 2459 qaum-a
543 2417 607 2460 eie,
622 2416 710 2452 vale
727 2414 743 2450 ὲ
758 2418 799 2450 in
813 2426 1019 2461 yazzarra.
1091 2413 1171 2450 cesi
1195 2413 1417 2448 trovandosi
1451 2414 1555 2448 detto
1588 2421 1669 2447 onec
1694 2420 1762 2456 per
1782 2421 1881 2446 avec.

234 2467 395 2501 Comum)
414 2475 479 2510 per
495 2476 655 2508 comune,
680 2474 789 2501 come
812 2471 943 2509 cuono,
967 2478 1020 2501 co-
1093 2463 1143 2498 La
1169 2462 1270 2499 srase
1293 2462 1450 2507 dunque
1485 2460 1697 2497 varrebbe:
1729 2462 1814 2496 νυοί
1846 2464 1888 2495 ια

233 2523 362 2556 stumo,
378 2518 551 2551 inter-esso
574 2524 630 2552 eo.
658 2515 711 2551 Fo
737 2521 817 2551 volo
833 2527 856 2550 a
874 2516 953 2559 Dm,
976 2518 1019 2552 ha
1090 2516 1213 2550 venire
1227 2524 1294 2549 con
1309 2514 1383 2551 lei?

233 2568 289 2600 tra
314 2566 365 2611 gli
390 2567 474 2600 altri
499 2565 706 2612 significati
731 2566 863 2611 quello
883 2568 920 2601 di
936 2577 1020 2611 yra-
1140 2562 1156 2589 5
1180 2564 1313 2599 scilicet
1341 2563 1553 2608 anitiorum,
1570 2561 1652 2600 cioe
1674 2562 1796 2598 Guido
1819 2540 1909 2605 Ca⁷2

231 2619 288 2651 zie
305 2628 328 2649 ιι
350 2617 427 2651 Dio.
453 2616 559 2653 Onde
584 2620 682 2652 tutta
707 2618 741 2653 la
762 2617 861 2654 frase
885 2618 1019 2654 varra:
1091 2616 1275 2660 valeanti,
1318 2617 1476 2660 Lupum,
1519 2616 1617 2658 Lapo
1656 2614 1812 2655 manni,
1851 2619 1886 2648 ec

229 2667 357 2711 qrazie
374 2677 397 2701 a
416 2666 540 2706 Dimil
560 2666 716 2702 Comum
732 2667 769 2701 di
794 2666 910 2703 Lucca
936 2668 954 2703 ὲ
981 2670 1021 2702 in
1090 2676 1207 2699 unum
1236 2665 1364 2709 alium,
1403 2666 1451 2701 ed
1490 2674 1540 2700 un
1578 2664 1690 2707 altro,
1721 2662 1805 2699 cio&
1846 2663 1885 2698 io

230 2716 400 2760 aileqria,
416 2716 577 2762 infesta.
1091 2720 1216 2753 stesso
1243 2717 1363 2753 Dante
1389 2715 1587 2763 Alighieri.

275 2765 294 2792 8
327 2766 458 2806 Onche,
487 2764 571 2802 cioe
599 2776 731 2811 unque,
761 2766 822 2802 dal
856 2767 921 2802 lat.
956 2778 1019 2802 un-
1136 2769 1154 2794 6
1184 2768 1356 2812 Pospone
1392 2767 1466 2812 agli
1502 2765 1590 2802 altri
1613 2764 1710 2801 Cino
1742 2764 1790 2799 da
1826 2764 1882 2799 Pi-

229 2826 353 2862 quam.
372 2818 586 2858 Giamboni,
616 2818 821 2861 Votqarszz.
841 2818 1018 2854 d’Orosio:
1092 2819 1204 2863 stoia‚
1219 2829 1293 2853 non
1310 2819 1450 2864 perche
1467 2818 1614 2854 minore
1633 2817 1670 2851 in
1685 2819 1828 2861 quanto
1845 2816 1880 2850 al

231 2881 247 2899 ι
277 2877 348 2902 non
373 2877 491 2914 seppe
517 2868 637 2905 onelie
671 2868 741 2904 che
773 2867 809 2904 si
844 2868 944 2905 fosse
968 2869 1019 2905 ri·
1090 2877 1239 2913 sapere.
1268 2878 1327 2903 ma
1357 2866 1496 2914 perche
1519 2868 1665 2904 minore
1682 2866 1719 2902 in
1737 2868 1880 2911 quanto

222 2926 333 2963 poso.
360 2930 379 2950 »
856 2921 876 2924 ‘
1093 2922 1166 2955 aliu
1194 2920 1329 2965 putria.

2036 2448 2054 2455 ψ

2032 2463 2054 2472 x
