2054 3262
248 137 336 183 186
876 146 1021 183 LIBER
1051 147 1246 185 PRIMUS.

908 339 1074 386 CAPUT
1105 341 1214 388 XVI.

456 489 509 527 De
538 490 761 528 excellentia
789 490 962 539 vulgaris
990 490 1229 539 eloquentiae,
1257 498 1292 530 et
1320 493 1422 543 quod
1450 494 1663 533 communis

839 563 897 594 est
924 557 1101 594 omnibus
1130 558 1285 595 Italicis.

331 680 583 738 Postquam
609 680 769 725 venati
799 679 941 725 saltus
966 685 1012 725 et
1037 692 1204 737 pascua
1234 693 1393 728 sumus
1422 683 1577 741 Italiae,
1604 696 1692 730 nec
1716 690 1872 742 pante-

245 768 356 812 ram,
394 768 533 813 quam
558 754 812 812 sequimur,
838 754 1165 800 adinvenimus
1181 768 1196 811 3
1239 761 1292 800 ut
1332 755 1475 814 ipsam
1506 758 1712 816 reperire
1735 759 1876 817 possi-

245 841 363 884 mm,
391 828 707 874 rationabilius
739 827 1074 884 investigemus
1099 828 1154 873 de
1179 827 1268 886 illa,
1299 834 1352 875 ut
1383 829 1539 876 solerti
1563 832 1716 878 studio
1746 833 1879 879 redo-

242 905 419 952 lentem
445 905 635 962 ubique,
659 909 706 950 et
731 903 903 961 ubique
927 902 934 927 ¹
964 908 1280 961 apparentem,
1307 904 1476 950 nostris
1494 906 1679 963 penitus
1701 906 1878 954 irretia-

242 991 350 1024 mus
391 977 648 1024 tendiculis
677 977 983 1022 Resumentes
1022 974 1165 1033 igitur
1200 976 1428 1022 venabula
1469 983 1640 1035 nostra,
1684 978 1880 1037 dicimus

236 1051 368 1110 quod
392 1051 440 1096 in
463 1051 588 1097 omni
614 1062 783 1108 genere
815 1061 976 1095 rerum
1002 1062 1150 1095 unum
1190 1054 1373 1108 oportet
1414 1062 1526 1108 esse,
1567 1063 1659 1109 quo
1698 1053 1880 1109 generis

242 1125 363 1171 illius
404 1125 557 1171 omnia
583 1117 913 1180 comparentur
951 1128 998 1168 et
1039 1122 1390 1180 ponderentur:
1436 1128 1482 1169 et
1523 1123 1646 1171 illinc
1684 1116 1879 1172 aliorum

243 1197 451 1242 omnium
475 1209 742 1242 mensuram
767 1196 1058 1255 accipiamus.
1089 1196 1218 1242 Sicut
1248 1196 1296 1241 in
1329 1209 1525 1243 numero
1550 1204 1720 1246 cuncta
1750 1212 1880 1246 men·
1937 1195 1940 1199 ’

234 1277 467 1316 surantur
492 1283 602 1327 un0,
626 1277 672 1317 et
697 1270 844 1328 plura,
871 1270 946 1316 vel
973 1270 1188 1327 pauciora
1211 1270 1450 1327 dicuntur,
1472 1272 1730 1319 secundum
1754 1275 1879 1333 quod

245 1344 415 1390 distant
446 1345 502 1390 ab
527 1357 636 1401 uno,
663 1344 738 1390 vel
764 1344 804 1390 ei
830 1344 1141 1401 propinquant
1159 1357 1173 1400 3
1208 1349 1254 1389 et
1287 1343 1353 1390 sic
1383 1345 1431 1389 in
1461 1345 1691 1394 coloribus
1719 1360 1879 1408 omnes

242 1418 343 1462 albo
370 1423 732 1466 mensurantur:
763 1428 871 1461 nam
897 1415 1099 1462 visibiles
1122 1414 1265 1472 magis
1290 1415 1512 1462 dicuntur
1537 1423 1583 1463 et
1608 1418 1776 1476 minUS,
1808 1433 1878 1467 se-

241 1491 449 1535 cundum
476 1490 600 1548 quod
629 1490 875 1545 accedunt,
916 1489 993 1535 vel
1033 1489 1275 1535 recedunt.
1309 1489 1368 1535 Et
1400 1491 1789 1548 quemadmodum
1820 1494 1877 1540 de

240 1564 293 1609 iis
311 1565 522 1620 dicimus,
546 1577 651 1622 quae
678 1563 988 1621 quantitatem
1006 1567 1052 1608 et
1069 1562 1339 1620 qualitatem
1356 1564 1621 1622 ostendunt,
1640 1565 1696 1611 de
1712 1568 1878 1624 praedi-

240 1646 564 1688 camentorum
590 1637 813 1697 quolibet,
856 1642 902 1682 et
944 1636 999 1681 de
1040 1635 1297 1681 substantia
1338 1647 1468 1693 posse
1499 1637 1589 1683 dici
1624 1645 1843 1696 putamus
1853 1655 1870 1697 3

238 1716 416 1762 scilicet
442 1715 567 1773 quod
592 1713 961 1771 unumquodque
993 1712 1304 1758 mensurabile
1329 1712 1388 1758 sit
1414 1712 1462 1758 in
1486 1725 1654 1771 genere
1685 1715 1776 1771 illo,
1808 1729 1878 1764 se-

241 1790 450 1836 cundum
471 1789 518 1834 id
540 1789 664 1847 quod
685 1786 1072 1845 simplicissimum
1094 1791 1164 1832 est
1189 1786 1238 1830 in
1259 1785 1356 1844 ipso
1381 1798 1564 1843 genere.
1589 1787 1878 1848 Quapropter

238 1863 287 1908 in
327 1862 587 1909 actionibus
618 1860 805 1917 nostris,
843 1866 1278 1918 quantumcumque
1309 1859 1578 1906 dividantur
1607 1861 1655 1906 in
1685 1864 1874 1922 species,

237 1935 324 1980 hoc
349 1935 534 1991 signum
564 1933 766 1982 inveniri
797 1937 997 1990 oportet,
1025 1943 1118 1989 quo
1145 1937 1191 1977 et
1218 1931 1329 1989 ipsae
1360 1939 1696 1980 mensurentur
1711 1948 1726 1991 3
1768 1948 1874 1981 nam

238 2005 283 2050 in
318 2011 548 2062 quantum
573 2002 844 2062 simpliciter
866 2007 919 2047 ut
935 2002 1142 2046 homines
1164 2001 1355 2058 agimuS,
1382 2002 1611 2049 virtutem
1634 2004 1871 2063 habemUS,

237 2084 290 2124 ut
317 2077 594 2136 generaliter
619 2077 716 2122 illas
742 2075 1049 2132 intelligamus
1064 2087 1080 2131 3
1112 2086 1220 2119 nam
1244 2074 1506 2120 secundum
1529 2074 1674 2133 ipsam
1699 2077 1871 2124 bonum

236 2158 283 2199 et
313 2152 486 2198 malum
515 2151 747 2196 hominem
766 2149 1058 2207 judicamus:
1092 2148 1140 2192 in
1170 2153 1400 2206 quantum
1425 2153 1478 2194 ut
1503 2148 1711 2196 homines
1745 2150 1872 2198 cives

234 2225 429 2282 agimuS,
460 2224 682 2269 habemus
713 2223 876 2280 legem,
909 2221 1170 2268 secundum
1201 2233 1342 2279 quam
1375 2221 1548 2267 dicitur
1578 2222 1695 2270 civis
1724 2223 1874 2271 bonus

235 2306 281 2346 et
304 2299 481 2345 malus:
506 2298 553 2343 in
579 2302 810 2355 quantum
832 2301 884 2341 ut
904 2295 1111 2341 homines
1134 2295 1264 2341 latini
1285 2295 1479 2353 agimus,
1503 2297 1719 2354 quaedam
1738 2299 1874 2346 habe·

233 2385 339 2419 mus
363 2372 695 2431 simplicissima
725 2371 867 2427 signa,
900 2369 1017 2415 idest
1047 2381 1233 2415 morum
1263 2375 1309 2416 et
1340 2369 1585 2416 habituum
1610 2377 1656 2418 et
1682 2371 1874 2420 locutio-

229 2446 321 2503 niS,
348 2446 515 2505 quibus
539 2445 693 2491 latinae
717 2443 923 2490 actiones
947 2442 1284 2501 ponderantur,
1310 2447 1357 2488 et
1382 2431 1736 2516 mensurantu‘ffl
1757 2447 1870 2502 Quae

233 2519 423 2577 quidem
446 2517 724 2563 nobilissima
743 2521 854 2562 sunt
880 2527 1057 2574 earum,
1074 2528 1179 2573 quae
1202 2515 1452 2562 latinorum
1472 2523 1599 2574 sunt,
1616 2518 1870 2578 actionum,

231 2592 333 2639 haec
358 2592 529 2638 nullius
553 2590 756 2638 civitatis
779 2589 920 2636 Italiae
941 2589 1128 2648 propria
1152 2595 1278 2647 sunt,
1311 2591 1392 2637 sed
1423 2589 1472 2635 in
1501 2591 1717 2639 omnibus
1748 2607 1870 2640 com-

229 2661 391 2708 munia
420 2660 728 2712 suntzinter
765 2672 871 2718 quae
915 2671 1042 2706 nunc
1082 2665 1234 2717 potest
1274 2660 1473 2707 discerni
1502 2662 1710 2721 vulgare,
1742 2666 1869 2724 quod

270 2780 285 2808 1
311 2781 416 2816 Varii
444 2781 532 2817 testi
561 2781 696 2818 invece
722 2781 758 2817 di
782 2780 910 2826 ubique
928 2781 1053 2816 hanno
1078 2790 1167 2823 nec;
1190 2788 1252 2816 ma
1275 2778 1303 2815 il
1326 2779 1519 2824 professor
1550 2780 1672 2819 Witte
1704 2792 1873 2830 propono

222 2837 262 2873 di
290 2838 444 2883 leggere
468 2847 530 2873 nec
551 2847 720 2883 usquam.
