<?xml version="1.0" encoding="UTF-8"?>
<!DOCTYPE html PUBLIC "-//W3C//DTD XHTML 1.0 Transitional//EN"
    "http://www.w3.org/TR/xhtml1/DTD/xhtml1-transitional.dtd">
<html xmlns="http://www.w3.org/1999/xhtml" xml:lang="en" lang="en">
 <head>
  <title>
</title>
<meta http-equiv="Content-Type" content="text/html;charset=utf-8" />
  <meta name='ocr-system' content='tesseract 3.04.00' />
  <meta name='ocr-capabilities' content='ocr_page ocr_carea ocr_par ocr_line ocrx_word'/>
</head>
<body>
  <div class='ocr_page' id='page_1' title='image "./opereminori02dantuoft/opereminori02dantuoft_0248.png"; bbox 0 0 2054 3262; ppageno 0'>
   <div class='ocr_carea' id='block_1_1' title="bbox 236 191 1270 237">
    <p class='ocr_par' dir='ltr' id='par_1_1' title="bbox 236 191 1270 237">
     <span class='ocr_line' id='line_1_1' title="bbox 236 191 1270 237; baseline 0.002 -2"><span class='ocrx_word' id='word_1_1' title='bbox 236 191 321 235; x_wconf 61' lang='lat'>⁴233</span> <span class='ocrx_word' id='word_1_2' title='bbox 832 198 974 234; x_wconf 80' lang='lat' dir='ltr'>LIBER</span> <span class='ocrx_word' id='word_1_3' title='bbox 1007 198 1270 237; x_wconf 81' lang='lat' dir='ltr'><strong>SECUNDUS.</strong></span> 
     </span>
    </p>
   </div>
   <div class='ocr_carea' id='block_1_2' title="bbox 910 383 1195 434">
    <p class='ocr_par' dir='ltr' id='par_1_2' title="bbox 910 383 1195 434">
     <span class='ocr_line' id='line_1_2' title="bbox 910 383 1195 434; baseline 0 -4"><span class='ocrx_word' id='word_1_4' title='bbox 910 383 1075 430; x_wconf 83' lang='lat' dir='ltr'>CAPUT</span> <span class='ocrx_word' id='word_1_5' title='bbox 1107 383 1195 434; x_wconf 86' lang='grc' dir='ltr'>ΧΠ.</span> 
     </span>
    </p>
   </div>
   <div class='ocr_carea' id='block_1_3' title="bbox 350 530 1752 635">
    <p class='ocr_par' dir='ltr' id='par_1_3' title="bbox 350 530 1752 635">
     <span class='ocr_line' id='line_1_3' title="bbox 350 530 1752 584; baseline 0.005 -15"><span class='ocrx_word' id='word_1_6' title='bbox 350 530 405 569; x_wconf 86' lang='lat' dir='ltr'>Ex</span> <span class='ocrx_word' id='word_1_7' title='bbox 440 531 579 581; x_wconf 85' lang='lat' dir='ltr'>quibus</span> <span class='ocrx_word' id='word_1_8' title='bbox 608 531 845 570; x_wconf 81' lang='lat' dir='ltr'>carminibus</span> <span class='ocrx_word' id='word_1_9' title='bbox 875 532 969 569; x_wconf 80' lang='lat' dir='ltr'>fiant</span> <span class='ocrx_word' id='word_1_10' title='bbox 996 532 1161 579; x_wconf 72' lang='lat' dir='ltr'>stantiae,</span> <span class='ocrx_word' id='word_1_11' title='bbox 1189 537 1224 568; x_wconf 82' lang='lat' dir='ltr'>et</span> <span class='ocrx_word' id='word_1_12' title='bbox 1252 531 1297 568; x_wconf 87' lang='lat' dir='ltr'>de</span> <span class='ocrx_word' id='word_1_13' title='bbox 1327 543 1487 571; x_wconf 82' lang='lat' dir='ltr'>numero</span> <span class='ocrx_word' id='word_1_14' title='bbox 1514 535 1752 584; x_wconf 77' lang='lat' dir='ltr'>syllabarum</span> 
     </span>
     <span class='ocr_line' id='line_1_4' title="bbox 892 597 1208 635; baseline 0 0"><span class='ocrx_word' id='word_1_15' title='bbox 892 597 932 635; x_wconf 84' lang='lat' dir='ltr'>in</span> <span class='ocrx_word' id='word_1_16' title='bbox 962 598 1208 635; x_wconf 70' lang='lat' dir='ltr'>can-minibus.</span> 
     </span>
    </p>
   </div>
   <div class='ocr_carea' id='block_1_4' title="bbox 233 705 1868 1483">
    <p class='ocr_par' dir='ltr' id='par_1_4' title="bbox 233 705 1868 1483">
     <span class='ocr_line' id='line_1_5' title="bbox 322 705 1866 770; baseline 0.005 -19"><span class='ocrx_word' id='word_1_17' title='bbox 322 705 406 752; x_wconf 89' lang='lat' dir='ltr'>Est</span> <span class='ocrx_word' id='word_1_18' title='bbox 428 707 581 764; x_wconf 85' lang='lat' dir='ltr'>etiam,</span> <span class='ocrx_word' id='word_1_19' title='bbox 600 713 652 754; x_wconf 92' lang='lat' dir='ltr'>ut</span> <span class='ocrx_word' id='word_1_20' title='bbox 674 708 889 766; x_wconf 88' lang='lat' dir='ltr'>superius</span> <span class='ocrx_word' id='word_1_21' title='bbox 915 708 1094 754; x_wconf 82' lang='lat' dir='ltr'>dictum</span> <span class='ocrx_word' id='word_1_22' title='bbox 1119 713 1205 764; x_wconf 81' lang='lat' dir='ltr'>est,</span> <span class='ocrx_word' id='word_1_23' title='bbox 1227 708 1444 754; x_wconf 88' lang='lat' dir='ltr'>habitudo</span> <span class='ocrx_word' id='word_1_24' title='bbox 1470 710 1701 769; x_wconf 83' lang='lat' dir='ltr'>quaedam,</span> <span class='ocrx_word' id='word_1_25' title='bbox 1727 723 1866 770; x_wconf 80' lang='lat' dir='ltr'>quam</span> 
     </span>
     <span class='ocr_line' id='line_1_6' title="bbox 236 771 1867 839; baseline 0.004 -16"><span class='ocrx_word' id='word_1_26' title='bbox 236 779 438 826; x_wconf 89' lang='lat' dir='ltr'>carmina</span> <span class='ocrx_word' id='word_1_27' title='bbox 479 781 769 827; x_wconf 84' lang='lat' dir='ltr'>contexendo</span> <span class='ocrx_word' id='word_1_28' title='bbox 813 781 1104 827; x_wconf 89' lang='lat' dir='ltr'>considerare</span> <span class='ocrx_word' id='word_1_29' title='bbox 1147 782 1395 839; x_wconf 79' lang='lat' dir='ltr'>dehemus3</span> <span class='ocrx_word' id='word_1_30' title='bbox 1430 788 1476 828; x_wconf 90' lang='lat' dir='ltr'>et</span> <span class='ocrx_word' id='word_1_31' title='bbox 1507 783 1610 829; x_wconf 89' lang='lat' dir='ltr'>ideo</span> <span class='ocrx_word' id='word_1_32' title='bbox 1640 771 1867 829; x_wconf 77' lang='lat' dir='ltr'>rationem</span> 
     </span>
     <span class='ocr_line' id='line_1_7' title="bbox 236 851 1866 912; baseline 0.004 -17"><span class='ocrx_word' id='word_1_33' title='bbox 236 851 456 898; x_wconf 74' lang='lat' dir='ltr'>Faciamus</span> <span class='ocrx_word' id='word_1_34' title='bbox 488 854 542 899; x_wconf 92' lang='lat' dir='ltr'>de</span> <span class='ocrx_word' id='word_1_35' title='bbox 574 854 665 911; x_wconf 84' lang='lat' dir='ltr'>illa,</span> <span class='ocrx_word' id='word_1_36' title='bbox 697 860 963 912; x_wconf 71' lang='lat' dir='ltr'>repetentes</span> <span class='ocrx_word' id='word_1_37' title='bbox 993 854 1185 912; x_wconf 81' lang='lat' dir='ltr'>proinde</span> <span class='ocrx_word' id='word_1_38' title='bbox 1217 867 1322 912; x_wconf 85' lang='lat' dir='ltr'>quae</span> <span class='ocrx_word' id='word_1_39' title='bbox 1353 855 1566 912; x_wconf 90' lang='lat' dir='ltr'>superius</span> <span class='ocrx_word' id='word_1_40' title='bbox 1606 856 1662 903; x_wconf 89' lang='lat' dir='ltr'>de</span> <span class='ocrx_word' id='word_1_41' title='bbox 1702 857 1866 904; x_wconf 88' lang='lat' dir='ltr'>carmi·</span> 
     </span>
     <span class='ocr_line' id='line_1_8' title="bbox 234 924 1868 988; baseline 0.004 -18"><span class='ocrx_word' id='word_1_42' title='bbox 234 924 371 971; x_wconf 88' lang='lat' dir='ltr'>nibus</span> <span class='ocrx_word' id='word_1_43' title='bbox 403 925 618 973; x_wconf 81' lang='lat' dir='ltr'>diximus.</span> <span class='ocrx_word' id='word_1_44' title='bbox 651 927 703 973; x_wconf 88' lang='lat' dir='ltr'>In</span> <span class='ocrx_word' id='word_1_45' title='bbox 734 939 824 973; x_wconf 92' lang='lat' dir='ltr'>usu</span> <span class='ocrx_word' id='word_1_46' title='bbox 855 932 1015 973; x_wconf 87' lang='lat' dir='ltr'>nostro</span> <span class='ocrx_word' id='word_1_47' title='bbox 1045 925 1246 972; x_wconf 77' lang='lat' dir='ltr'><strong>maxime</strong></span> <span class='ocrx_word' id='word_1_48' title='bbox 1280 926 1367 973; x_wconf 91' lang='lat' dir='ltr'>tria</span> <span class='ocrx_word' id='word_1_49' title='bbox 1410 928 1612 974; x_wconf 88' lang='lat' dir='ltr'>carmina</span> <span class='ocrx_word' id='word_1_50' title='bbox 1651 929 1868 988; x_wconf 86' lang='lat' dir='ltr'>frequen-</span> 
     </span>
     <span class='ocr_line' id='line_1_9' title="bbox 236 1000 1866 1061; baseline 0.002 -15"><span class='ocrx_word' id='word_1_51' title='bbox 236 1000 362 1046; x_wconf 86' lang='lat' dir='ltr'>tandi</span> <span class='ocrx_word' id='word_1_52' title='bbox 392 1002 751 1059; x_wconf 82' lang='lat' dir='ltr'>praerogativam</span> <span class='ocrx_word' id='word_1_53' title='bbox 781 1003 950 1048; x_wconf 89' lang='lat' dir='ltr'>habere</span> <span class='ocrx_word' id='word_1_54' title='bbox 979 1002 1219 1058; x_wconf 87' lang='lat' dir='ltr'>videntur,</span> <span class='ocrx_word' id='word_1_55' title='bbox 1248 1001 1651 1061; x_wconf 74' lang='lat' dir='ltr'>endecasyllabum</span> <span class='ocrx_word' id='word_1_56' title='bbox 1675 1003 1866 1050; x_wconf 87' lang='lat' dir='ltr'>scilicet.</span> 
     </span>
     <span class='ocr_line' id='line_1_10' title="bbox 235 1073 1865 1133; baseline 0.001 -13"><span class='ocrx_word' id='word_1_57' title='bbox 235 1079 282 1120; x_wconf 91' lang='lat' dir='ltr'>et</span> <span class='ocrx_word' id='word_1_58' title='bbox 315 1074 666 1132; x_wconf 83' lang='lat' dir='ltr'>eptasyllahum,</span> <span class='ocrx_word' id='word_1_59' title='bbox 699 1079 746 1120; x_wconf 90' lang='lat' dir='ltr'>et</span> <span class='ocrx_word' id='word_1_60' title='bbox 777 1073 1147 1132; x_wconf 86' lang='lat' dir='ltr'>pentasyllabum</span> <span class='ocrx_word' id='word_1_61' title='bbox 1164 1085 1178 1129; x_wconf 75' lang='lat'>3</span> <span class='ocrx_word' id='word_1_62' title='bbox 1211 1086 1315 1131; x_wconf 87' lang='lat' dir='ltr'>quae</span> <span class='ocrx_word' id='word_1_63' title='bbox 1358 1079 1465 1118; x_wconf 90' lang='lat' dir='ltr'>ante</span> <span class='ocrx_word' id='word_1_64' title='bbox 1506 1074 1590 1120; x_wconf 91' lang='lat' dir='ltr'>alia</span> <span class='ocrx_word' id='word_1_65' title='bbox 1630 1077 1865 1133; x_wconf 86' lang='lat' dir='ltr'>sequenda</span> 
     </span>
     <span class='ocr_line' id='line_1_11' title="bbox 233 1133 1866 1207; baseline 0.002 -14"><span class='ocrx_word' id='word_1_66' title='bbox 233 1147 532 1193; x_wconf 79' lang='lat' dir='ltr'>astruximus,</span> <span class='ocrx_word' id='word_1_67' title='bbox 561 1147 738 1192; x_wconf 89' lang='lat' dir='ltr'>Horum</span> <span class='ocrx_word' id='word_1_68' title='bbox 762 1158 967 1204; x_wconf 84' lang='lat' dir='ltr'>prorsus,</span> <span class='ocrx_word' id='word_1_69' title='bbox 994 1158 1103 1192; x_wconf 88' lang='lat' dir='ltr'>cum</span> <span class='ocrx_word' id='word_1_70' title='bbox 1126 1146 1297 1203; x_wconf 80' lang='lat' dir='ltr'>tragice</span> <span class='ocrx_word' id='word_1_71' title='bbox 1323 1147 1497 1205; x_wconf 89' lang='lat' dir='ltr'>poetari</span> <span class='ocrx_word' id='word_1_72' title='bbox 1522 1161 1760 1207; x_wconf 85' lang='lat' dir='ltr'>conamur,</span> <span class='ocrx_word' id='word_1_73' title='bbox 1787 1133 1866 1196; x_wconf 78' lang='lat' dir='ltr'>en-</span> 
     </span>
     <span class='ocr_line' id='line_1_12' title="bbox 235 1219 1864 1277; baseline 0.002 -13"><span class='ocrx_word' id='word_1_74' title='bbox 235 1219 577 1277; x_wconf 87' lang='lat' dir='ltr'>decasyllabum</span> <span class='ocrx_word' id='word_1_75' title='bbox 602 1223 793 1276; x_wconf 85' lang='lat' dir='ltr'>propter</span> <span class='ocrx_word' id='word_1_76' title='bbox 818 1219 1048 1276; x_wconf 87' lang='lat' dir='ltr'>quandam</span> <span class='ocrx_word' id='word_1_77' title='bbox 1076 1219 1397 1265; x_wconf 89' lang='lat' dir='ltr'>excellentiam</span> <span class='ocrx_word' id='word_1_78' title='bbox 1428 1219 1478 1266; x_wconf 92' lang='lat' dir='ltr'>in</span> <span class='ocrx_word' id='word_1_79' title='bbox 1509 1226 1736 1268; x_wconf 89' lang='lat' dir='ltr'>contextu</span> <span class='ocrx_word' id='word_1_80' title='bbox 1762 1223 1864 1270; x_wconf 85' lang='lat' dir='ltr'>vin-</span> 
     </span>
     <span class='ocr_line' id='line_1_13' title="bbox 239 1290 1863 1353; baseline 0.003 -17"><span class='ocrx_word' id='word_1_81' title='bbox 239 1291 374 1336; x_wconf 81' lang='lat' dir='ltr'>cendi</span> <span class='ocrx_word' id='word_1_82' title='bbox 406 1290 701 1348; x_wconf 83' lang='lat' dir='ltr'>privilegium</span> <span class='ocrx_word' id='word_1_83' title='bbox 732 1296 1040 1347; x_wconf 82' lang='lat' dir='ltr'>promeretur.</span> <span class='ocrx_word' id='word_1_84' title='bbox 1066 1291 1179 1337; x_wconf 89' lang='lat' dir='ltr'>Nam</span> <span class='ocrx_word' id='word_1_85' title='bbox 1206 1293 1420 1349; x_wconf 84' lang='lat' dir='ltr'>quaedam</span> <span class='ocrx_word' id='word_1_86' title='bbox 1448 1293 1615 1339; x_wconf 82' lang='lat' dir='ltr'>stantia</span> <span class='ocrx_word' id='word_1_87' title='bbox 1642 1300 1727 1351; x_wconf 87' lang='lat' dir='ltr'>est,</span> <span class='ocrx_word' id='word_1_88' title='bbox 1755 1307 1863 1353; x_wconf 84' lang='lat' dir='ltr'>quae</span> 
     </span>
     <span class='ocr_line' id='line_1_14' title="bbox 236 1365 1865 1423; baseline 0.002 -14"><span class='ocrx_word' id='word_1_89' title='bbox 236 1365 340 1411; x_wconf 83' lang='lat' dir='ltr'>solis</span> <span class='ocrx_word' id='word_1_90' title='bbox 373 1365 734 1423; x_wconf 81' lang='lat' dir='ltr'>endecasyllahis</span> <span class='ocrx_word' id='word_1_91' title='bbox 767 1365 936 1422; x_wconf 81' lang='lat' dir='ltr'>gaudet</span> <span class='ocrx_word' id='word_1_92' title='bbox 967 1377 1066 1411; x_wconf 86' lang='lat' dir='ltr'>esse</span> <span class='ocrx_word' id='word_1_93' title='bbox 1099 1371 1334 1423; x_wconf 85' lang='lat' dir='ltr'>contexta,</span> <span class='ocrx_word' id='word_1_94' title='bbox 1367 1373 1420 1413; x_wconf 91' lang='lat' dir='ltr'>ut</span> <span class='ocrx_word' id='word_1_95' title='bbox 1452 1366 1525 1413; x_wconf 91' lang='lat' dir='ltr'>illa</span> <span class='ocrx_word' id='word_1_96' title='bbox 1556 1367 1775 1414; x_wconf 89' lang='lat' dir='ltr'>Guidonis</span> <span class='ocrx_word' id='word_1_97' title='bbox 1809 1369 1865 1413; x_wconf 85' lang='lat' dir='ltr'>de</span> 
     </span>
     <span class='ocr_line' id='line_1_15' title="bbox 235 1436 536 1483; baseline -0.003 0"><span class='ocrx_word' id='word_1_98' title='bbox 235 1438 496 1483; x_wconf 88' lang='lat' dir='ltr'>Florentia:</span> <span class='ocrx_word' id='word_1_99' title='bbox 522 1436 536 1461; x_wconf 88' lang='lat'><strong>¹</strong></span> 
     </span>
    </p>
   </div>
   <div class='ocr_carea' id='block_1_5' title="bbox 575 1529 1529 1579">
    <p class='ocr_par' dir='ltr' id='par_1_5' title="bbox 575 1529 1529 1579">
     <span class='ocr_line' id='line_1_16' title="bbox 575 1529 1529 1579; baseline -0.001 -14"><span class='ocrx_word' id='word_1_100' title='bbox 575 1546 590 1561; x_wconf 65' lang='lat' dir='ltr'>a</span> <span class='ocrx_word' id='word_1_101' title='bbox 619 1530 750 1566; x_wconf 81' lang='lat' dir='ltr'>nonna</span> <span class='ocrx_word' id='word_1_102' title='bbox 782 1529 832 1566; x_wconf 85' lang='lat' dir='ltr'>mi</span> <span class='ocrx_word' id='word_1_103' title='bbox 863 1540 995 1579; x_wconf 81' lang='lat' dir='ltr'>prega,</span> <span class='ocrx_word' id='word_1_104' title='bbox 1023 1529 1154 1579; x_wconf 81' lang='lat' dir='ltr'>pereb‘</span> <span class='ocrx_word' id='word_1_105' title='bbox 1172 1529 1207 1566; x_wconf 86' lang='lat' dir='ltr'>io</span> <span class='ocrx_word' id='word_1_106' title='bbox 1235 1529 1362 1579; x_wconf 83' lang='lat' dir='ltr'>voglio</span> <span class='ocrx_word' id='word_1_107' title='bbox 1389 1529 1488 1567; x_wconf 83' lang='lat' dir='ltr'>dire.</span> <span class='ocrx_word' id='word_1_108' title='bbox 1512 1545 1529 1564; x_wconf 69' lang='grc' dir='ltr'>ι</span> 
     </span>
    </p>
   </div>
   <div class='ocr_carea' id='block_1_6' title="bbox 233 1625 1498 1763">
    <p class='ocr_par' dir='ltr' id='par_1_6' title="bbox 233 1625 1498 1763">
     <span class='ocr_line' id='line_1_17' title="bbox 233 1625 836 1672; baseline 0 -1"><span class='ocrx_word' id='word_1_109' title='bbox 233 1626 292 1671; x_wconf 88' lang='lat' dir='ltr'>Et</span> <span class='ocrx_word' id='word_1_110' title='bbox 326 1625 464 1672; x_wconf 88' lang='lat' dir='ltr'>etiam</span> <span class='ocrx_word' id='word_1_111' title='bbox 495 1638 579 1672; x_wconf 89' lang='lat' dir='ltr'>nos</span> <span class='ocrx_word' id='word_1_112' title='bbox 611 1625 836 1672; x_wconf 84' lang='lat' dir='ltr'>diximus:</span> 
     </span>
     <span class='ocr_line' id='line_1_18' title="bbox 569 1710 1498 1763; baseline 0.003 -14"><span class='ocrx_word' id='word_1_113' title='bbox 569 1732 586 1749; x_wconf 83' lang='grc'><strong>«</strong></span> <span class='ocrx_word' id='word_1_114' title='bbox 614 1716 758 1763; x_wconf 86' lang='lat' dir='ltr'>Donne,</span> <span class='ocrx_word' id='word_1_115' title='bbox 785 1714 854 1751; x_wconf 86' lang='lat' dir='ltr'>che</span> <span class='ocrx_word' id='word_1_116' title='bbox 882 1718 988 1751; x_wconf 83' lang='lat' dir='ltr'>avete</span> <span class='ocrx_word' id='word_1_117' title='bbox 1015 1712 1204 1751; x_wconf 60' lang='lat' dir='ltr'>intellecto</span> <span class='ocrx_word' id='word_1_118' title='bbox 1231 1710 1455 1752; x_wconf 79' lang='lat' dir='ltr'>d’am01·e.²</span> <span class='ocrx_word' id='word_1_119' title='bbox 1481 1730 1498 1746; x_wconf 74' lang='grc' dir='ltr'>ι·</span> 
     </span>
    </p>
   </div>
   <div class='ocr_carea' id='block_1_7' title="bbox 230 1807 1864 1937">
    <p class='ocr_par' dir='ltr' id='par_1_7' title="bbox 230 1807 1864 1937">
     <span class='ocr_line' id='line_1_19' title="bbox 231 1807 1864 1867; baseline 0.001 -13"><span class='ocrx_word' id='word_1_120' title='bbox 231 1809 327 1854; x_wconf 89' lang='lat' dir='ltr'>Hoc</span> <span class='ocrx_word' id='word_1_121' title='bbox 360 1809 500 1853; x_wconf 87' lang='lat' dir='ltr'>etiam</span> <span class='ocrx_word' id='word_1_122' title='bbox 532 1808 718 1866; x_wconf 86' lang='lat' dir='ltr'>Hispani</span> <span class='ocrx_word' id='word_1_123' title='bbox 744 1808 814 1853; x_wconf 89' lang='lat' dir='ltr'>usi</span> <span class='ocrx_word' id='word_1_124' title='bbox 840 1813 951 1854; x_wconf 87' lang='lat' dir='ltr'>sunt</span> <span class='ocrx_word' id='word_1_125' title='bbox 959 1821 974 1866; x_wconf 81' lang='lat'><em>3</em></span> <span class='ocrx_word' id='word_1_126' title='bbox 1002 1813 1048 1854; x_wconf 91' lang='lat' dir='ltr'>et</span> <span class='ocrx_word' id='word_1_127' title='bbox 1075 1808 1175 1855; x_wconf 89' lang='lat' dir='ltr'>dico</span> <span class='ocrx_word' id='word_1_128' title='bbox 1206 1808 1428 1867; x_wconf 88' lang='lat' dir='ltr'>Hispanos</span> <span class='ocrx_word' id='word_1_129' title='bbox 1454 1808 1532 1867; x_wconf 88' lang='lat' dir='ltr'>qui</span> <span class='ocrx_word' id='word_1_130' title='bbox 1558 1807 1732 1867; x_wconf 89' lang='lat' dir='ltr'>poetati</span> <span class='ocrx_word' id='word_1_131' title='bbox 1754 1814 1864 1855; x_wconf 87' lang='lat' dir='ltr'>sunt</span> 
     </span>
     <span class='ocr_line' id='line_1_20' title="bbox 230 1880 1218 1937; baseline 0.001 -12"><span class='ocrx_word' id='word_1_132' title='bbox 230 1881 279 1926; x_wconf 90' lang='lat' dir='ltr'>in</span> <span class='ocrx_word' id='word_1_133' title='bbox 310 1880 491 1937; x_wconf 81' lang='lat' dir='ltr'>vulgari</span> <span class='ocrx_word' id='word_1_134' title='bbox 522 1895 587 1928; x_wconf 80' lang='lat' dir='ltr'>oc.</span> <span class='ocrx_word' id='word_1_135' title='bbox 621 1880 894 1926; x_wconf 87' lang='lat' dir='ltr'>Hamericus</span> <span class='ocrx_word' id='word_1_136' title='bbox 924 1881 980 1926; x_wconf 88' lang='lat' dir='ltr'>de</span> <span class='ocrx_word' id='word_1_137' title='bbox 1012 1880 1218 1926; x_wconf 90' lang='lat' dir='ltr'>Belinoi:</span> 
     </span>
    </p>
   </div>
   <div class='ocr_carea' id='block_1_8' title="bbox 567 1965 1556 2019">
    <p class='ocr_par' dir='ltr' id='par_1_8' title="bbox 567 1965 1556 2019">
     <span class='ocr_line' id='line_1_21' title="bbox 567 1965 1556 2019; baseline -0.001 -11"><span class='ocrx_word' id='word_1_138' title='bbox 567 1987 582 2003; x_wconf 72' lang='grc' dir='ltr'><strong><em>α</em></strong></span> <span class='ocrx_word' id='word_1_139' title='bbox 610 1971 699 2008; x_wconf 86' lang='lat' dir='ltr'>Nuls</span> <span class='ocrx_word' id='word_1_140' title='bbox 728 1972 815 2008; x_wconf 85' lang='lat' dir='ltr'>hom</span> <span class='ocrx_word' id='word_1_141' title='bbox 848 1982 922 2007; x_wconf 91' lang='lat' dir='ltr'>non</span> <span class='ocrx_word' id='word_1_142' title='bbox 951 1976 1018 2019; x_wconf 85' lang='lat' dir='ltr'>pot</span> <span class='ocrx_word' id='word_1_143' title='bbox 1045 1970 1210 2019; x_wconf 83' lang='lat' dir='ltr'>complir</span> <span class='ocrx_word' id='word_1_144' title='bbox 1238 1965 1514 2007; x_wconf 76' lang='lat' dir='ltr'>adreitamen.³</span> <span class='ocrx_word' id='word_1_145' title='bbox 1541 1986 1556 2001; x_wconf 73' lang='lat' dir='ltr'>n</span> 
     </span>
    </p>
   </div>
   <div class='ocr_carea' id='block_1_9' title="bbox 229 2064 1865 2782">
    <p class='ocr_par' dir='ltr' id='par_1_9' title="bbox 229 2064 1865 2782">
     <span class='ocr_line' id='line_1_22' title="bbox 232 2064 1863 2123; baseline -0.002 -12"><span class='ocrx_word' id='word_1_146' title='bbox 232 2066 453 2121; x_wconf 84' lang='lat' dir='ltr'>Quaedam</span> <span class='ocrx_word' id='word_1_147' title='bbox 486 2070 572 2122; x_wconf 85' lang='lat' dir='ltr'>est,</span> <span class='ocrx_word' id='word_1_148' title='bbox 605 2065 652 2110; x_wconf 92' lang='lat' dir='ltr'>in</span> <span class='ocrx_word' id='word_1_149' title='bbox 685 2077 773 2123; x_wconf 89' lang='lat' dir='ltr'>qua</span> <span class='ocrx_word' id='word_1_150' title='bbox 802 2070 984 2110; x_wconf 84' lang='lat' dir='ltr'>tantum</span> <span class='ocrx_word' id='word_1_151' title='bbox 1013 2064 1348 2123; x_wconf 84' lang='lat' dir='ltr'>eptasyllabum</span> <span class='ocrx_word' id='word_1_152' title='bbox 1373 2064 1601 2110; x_wconf 88' lang='lat' dir='ltr'>intexitur</span> <span class='ocrx_word' id='word_1_153' title='bbox 1625 2074 1790 2120; x_wconf 89' lang='lat' dir='ltr'>unum,</span> <span class='ocrx_word' id='word_1_154' title='bbox 1814 2068 1863 2108; x_wconf 86' lang='lat' dir='ltr'>et</span> 
     </span>
     <span class='ocr_line' id='line_1_23' title="bbox 229 2134 1864 2195; baseline -0.002 -13"><span class='ocrx_word' id='word_1_155' title='bbox 229 2139 316 2184; x_wconf 84' lang='lat' dir='ltr'>hoc</span> <span class='ocrx_word' id='word_1_156' title='bbox 357 2150 455 2184; x_wconf 88' lang='lat' dir='ltr'>esse</span> <span class='ocrx_word' id='word_1_157' title='bbox 498 2150 590 2182; x_wconf 89' lang='lat' dir='ltr'>non</span> <span class='ocrx_word' id='word_1_158' title='bbox 632 2143 801 2195; x_wconf 83' lang='lat' dir='ltr'>potest,</span> <span class='ocrx_word' id='word_1_159' title='bbox 833 2137 920 2183; x_wconf 89' lang='lat' dir='ltr'>nisi</span> <span class='ocrx_word' id='word_1_160' title='bbox 950 2137 1030 2184; x_wconf 88' lang='lat' dir='ltr'>ubi</span> <span class='ocrx_word' id='word_1_161' title='bbox 1066 2137 1196 2183; x_wconf 88' lang='lat' dir='ltr'>frons</span> <span class='ocrx_word' id='word_1_162' title='bbox 1227 2142 1311 2193; x_wconf 85' lang='lat' dir='ltr'>est,</span> <span class='ocrx_word' id='word_1_163' title='bbox 1344 2136 1421 2184; x_wconf 83' lang='lat' dir='ltr'>vel</span> <span class='ocrx_word' id='word_1_164' title='bbox 1453 2135 1613 2191; x_wconf 76' lang='lat' dir='ltr'>cauda,</span> <span class='ocrx_word' id='word_1_165' title='bbox 1645 2134 1864 2193; x_wconf 87' lang='lat' dir='ltr'>quoniam</span> 
     </span>
     <span class='ocr_line' id='line_1_24' title="bbox 230 2206 1863 2271; baseline -0.004 -13"><span class='ocrx_word' id='word_1_166' title='bbox 230 2211 305 2271; x_wconf 91' lang='lat' dir='ltr'>(ut</span> <span class='ocrx_word' id='word_1_167' title='bbox 337 2212 515 2258; x_wconf 90' lang='lat' dir='ltr'>dictum</span> <span class='ocrx_word' id='word_1_168' title='bbox 547 2210 638 2270; x_wconf 90' lang='lat' dir='ltr'>est)</span> <span class='ocrx_word' id='word_1_169' title='bbox 672 2211 719 2255; x_wconf 90' lang='lat' dir='ltr'>in</span> <span class='ocrx_word' id='word_1_170' title='bbox 749 2210 945 2268; x_wconf 89' lang='lat' dir='ltr'>pedibus</span> <span class='ocrx_word' id='word_1_171' title='bbox 973 2215 1115 2268; x_wconf 86' lang='lat' dir='ltr'>atque</span> <span class='ocrx_word' id='word_1_172' title='bbox 1146 2209 1360 2257; x_wconf 86' lang='lat' dir='ltr'>versibus</span> <span class='ocrx_word' id='word_1_173' title='bbox 1389 2207 1650 2254; x_wconf 90' lang='lat' dir='ltr'>attenditur</span> <span class='ocrx_word' id='word_1_174' title='bbox 1675 2206 1863 2264; x_wconf 86' lang='lat' dir='ltr'>aequali-</span> 
     </span>
     <span class='ocr_line' id='line_1_25' title="bbox 232 2280 1865 2341; baseline -0.004 -11"><span class='ocrx_word' id='word_1_175' title='bbox 232 2290 302 2330; x_wconf 89' lang='lat' dir='ltr'>tas</span> <span class='ocrx_word' id='word_1_176' title='bbox 319 2283 579 2330; x_wconf 88' lang='lat' dir='ltr'>carminum</span> <span class='ocrx_word' id='word_1_177' title='bbox 596 2288 641 2328; x_wconf 91' lang='lat' dir='ltr'>et</span> <span class='ocrx_word' id='word_1_178' title='bbox 668 2282 962 2341; x_wconf 84' lang='lat' dir='ltr'>syllabarum.</span> <span class='ocrx_word' id='word_1_179' title='bbox 987 2283 1186 2340; x_wconf 83' lang='lat' dir='ltr'>Propter</span> <span class='ocrx_word' id='word_1_180' title='bbox 1210 2281 1335 2339; x_wconf 87' lang='lat' dir='ltr'>quod</span> <span class='ocrx_word' id='word_1_181' title='bbox 1360 2280 1498 2327; x_wconf 88' lang='lat' dir='ltr'>etiam</span> <span class='ocrx_word' id='word_1_182' title='bbox 1523 2292 1612 2325; x_wconf 88' lang='lat' dir='ltr'>nec</span> <span class='ocrx_word' id='word_1_183' title='bbox 1638 2289 1865 2324; x_wconf 62' lang='lat' dir='ltr'>numerus</span> 
     </span>
     <span class='ocr_line' id='line_1_26' title="bbox 231 2351 1865 2416; baseline -0.004 -13"><span class='ocrx_word' id='word_1_184' title='bbox 231 2358 378 2416; x_wconf 86' lang='lat' dir='ltr'>impar</span> <span class='ocrx_word' id='word_1_185' title='bbox 410 2357 669 2404; x_wconf 86' lang='lat' dir='ltr'>carminum</span> <span class='ocrx_word' id='word_1_186' title='bbox 694 2362 847 2416; x_wconf 89' lang='lat' dir='ltr'>potest</span> <span class='ocrx_word' id='word_1_187' title='bbox 874 2368 971 2403; x_wconf 88' lang='lat' dir='ltr'>esse</span> <span class='ocrx_word' id='word_1_188' title='bbox 996 2356 1075 2402; x_wconf 88' lang='lat' dir='ltr'>ubi</span> <span class='ocrx_word' id='word_1_189' title='bbox 1100 2356 1244 2411; x_wconf 79' lang='lat' dir='ltr'>fronS,</span> <span class='ocrx_word' id='word_1_190' title='bbox 1270 2353 1347 2401; x_wconf 83' lang='lat' dir='ltr'>vel</span> <span class='ocrx_word' id='word_1_191' title='bbox 1372 2353 1519 2400; x_wconf 86' lang='lat' dir='ltr'>cauda</span> <span class='ocrx_word' id='word_1_192' title='bbox 1542 2364 1638 2398; x_wconf 90' lang='lat' dir='ltr'>non</span> <span class='ocrx_word' id='word_1_193' title='bbox 1662 2356 1758 2397; x_wconf 88' lang='lat' dir='ltr'>est:</span> <span class='ocrx_word' id='word_1_194' title='bbox 1784 2351 1865 2397; x_wconf 89' lang='lat' dir='ltr'>sed</span> 
     </span>
     <span class='ocr_line' id='line_1_27' title="bbox 230 2425 1863 2490; baseline -0.006 -11"><span class='ocrx_word' id='word_1_195' title='bbox 230 2433 310 2479; x_wconf 87' lang='lat' dir='ltr'>uhi</span> <span class='ocrx_word' id='word_1_196' title='bbox 341 2433 442 2478; x_wconf 88' lang='lat' dir='ltr'>haec</span> <span class='ocrx_word' id='word_1_197' title='bbox 474 2437 560 2489; x_wconf 83' lang='lat' dir='ltr'>est,</span> <span class='ocrx_word' id='word_1_198' title='bbox 593 2432 668 2479; x_wconf 87' lang='lat' dir='ltr'>vel</span> <span class='ocrx_word' id='word_1_199' title='bbox 699 2432 843 2477; x_wconf 88' lang='lat' dir='ltr'>altera</span> <span class='ocrx_word' id='word_1_200' title='bbox 873 2432 982 2490; x_wconf 76' lang='lat' dir='ltr'>sola,</span> <span class='ocrx_word' id='word_1_201' title='bbox 1014 2430 1115 2489; x_wconf 90' lang='lat' dir='ltr'>pari</span> <span class='ocrx_word' id='word_1_202' title='bbox 1140 2435 1186 2477; x_wconf 92' lang='lat' dir='ltr'>et</span> <span class='ocrx_word' id='word_1_203' title='bbox 1212 2429 1374 2488; x_wconf 90' lang='lat' dir='ltr'>impari</span> <span class='ocrx_word' id='word_1_204' title='bbox 1400 2439 1598 2474; x_wconf 89' lang='lat' dir='ltr'>numero</span> <span class='ocrx_word' id='word_1_205' title='bbox 1622 2425 1672 2470; x_wconf 91' lang='lat' dir='ltr'>in</span> <span class='ocrx_word' id='word_1_206' title='bbox 1700 2425 1863 2471; x_wconf 88' lang='lat' dir='ltr'>carmi-</span> 
     </span>
     <span class='ocr_line' id='line_1_28' title="bbox 229 2499 1864 2562; baseline -0.006 -10"><span class='ocrx_word' id='word_1_207' title='bbox 229 2507 366 2552; x_wconf 84' lang='lat' dir='ltr'>nibus</span> <span class='ocrx_word' id='word_1_208' title='bbox 396 2506 505 2552; x_wconf 88' lang='lat' dir='ltr'>licet</span> <span class='ocrx_word' id='word_1_209' title='bbox 536 2505 607 2552; x_wconf 92' lang='lat' dir='ltr'>uti</span> <span class='ocrx_word' id='word_1_210' title='bbox 637 2506 695 2551; x_wconf 89' lang='lat' dir='ltr'>ad</span> <span class='ocrx_word' id='word_1_211' title='bbox 726 2505 922 2551; x_wconf 87' lang='lat' dir='ltr'>libitum.</span> <span class='ocrx_word' id='word_1_212' title='bbox 957 2505 1016 2551; x_wconf 90' lang='lat' dir='ltr'>Et</span> <span class='ocrx_word' id='word_1_213' title='bbox 1047 2505 1169 2551; x_wconf 86' lang='lat' dir='ltr'>sicut</span> <span class='ocrx_word' id='word_1_214' title='bbox 1201 2502 1416 2562; x_wconf 82' lang='lat' dir='ltr'>quaedam</span> <span class='ocrx_word' id='word_1_215' title='bbox 1446 2499 1616 2547; x_wconf 88' lang='lat' dir='ltr'>stantia</span> <span class='ocrx_word' id='word_1_216' title='bbox 1656 2503 1726 2544; x_wconf 88' lang='lat' dir='ltr'>est</span> <span class='ocrx_word' id='word_1_217' title='bbox 1768 2509 1864 2543; x_wconf 93' lang='lat' dir='ltr'>uno</span> 
     </span>
     <span class='ocr_line' id='line_1_29' title="bbox 230 2571 1864 2638; baseline -0.006 -13"><span class='ocrx_word' id='word_1_218' title='bbox 230 2578 513 2638; x_wconf 84' lang='lat' dir='ltr'>eptasyllabo</span> <span class='ocrx_word' id='word_1_219' title='bbox 548 2578 848 2633; x_wconf 82' lang='lat' dir='ltr'>conformata,</span> <span class='ocrx_word' id='word_1_220' title='bbox 879 2577 945 2623; x_wconf 90' lang='lat' dir='ltr'>sic</span> <span class='ocrx_word' id='word_1_221' title='bbox 978 2577 1173 2634; x_wconf 83' lang='lat' dir='ltr'>duobuS,</span> <span class='ocrx_word' id='word_1_222' title='bbox 1205 2575 1371 2631; x_wconf 81' lang='lat' dir='ltr'>trihuS,</span> <span class='ocrx_word' id='word_1_223' title='bbox 1407 2577 1624 2632; x_wconf 87' lang='lat' dir='ltr'>quatuor,</span> <span class='ocrx_word' id='word_1_224' title='bbox 1656 2571 1864 2630; x_wconf 86' lang='lat' dir='ltr'>quinque</span> 
     </span>
     <span class='ocr_line' id='line_1_30' title="bbox 230 2644 1865 2709; baseline -0.004 -12"><span class='ocrx_word' id='word_1_225' title='bbox 230 2652 421 2698; x_wconf 87' lang='lat' dir='ltr'>videtur</span> <span class='ocrx_word' id='word_1_226' title='bbox 441 2662 572 2709; x_wconf 88' lang='lat' dir='ltr'>posse</span> <span class='ocrx_word' id='word_1_227' title='bbox 598 2650 802 2706; x_wconf 84' lang='lat' dir='ltr'>contexi,</span> <span class='ocrx_word' id='word_1_228' title='bbox 831 2650 1079 2695; x_wconf 88' lang='lat' dir='ltr'>dummodo</span> <span class='ocrx_word' id='word_1_229' title='bbox 1105 2649 1151 2693; x_wconf 92' lang='lat' dir='ltr'>in</span> <span class='ocrx_word' id='word_1_230' title='bbox 1177 2647 1352 2705; x_wconf 85' lang='lat' dir='ltr'>tragico</span> <span class='ocrx_word' id='word_1_231' title='bbox 1372 2646 1532 2694; x_wconf 88' lang='lat' dir='ltr'>vincat</span> <span class='ocrx_word' id='word_1_232' title='bbox 1557 2644 1865 2703; x_wconf 85' lang='lat' dir='ltr'>endecasylla-</span> 
     </span>
     <span class='ocr_line' id='line_1_31' title="bbox 232 2718 1861 2782; baseline -0.004 -13"><span class='ocrx_word' id='word_1_233' title='bbox 232 2725 358 2780; x_wconf 79' lang='lat' dir='ltr'>bum,</span> <span class='ocrx_word' id='word_1_234' title='bbox 391 2729 438 2769; x_wconf 91' lang='lat' dir='ltr'>et</span> <span class='ocrx_word' id='word_1_235' title='bbox 471 2721 730 2782; x_wconf 86' lang='lat' dir='ltr'>principiet.</span> <span class='ocrx_word' id='word_1_236' title='bbox 765 2722 1097 2768; x_wconf 83' lang='lat' dir='ltr'>Verumtamen</span> <span class='ocrx_word' id='word_1_237' title='bbox 1127 2720 1349 2779; x_wconf 85' lang='lat' dir='ltr'>quosdam</span> <span class='ocrx_word' id='word_1_238' title='bbox 1377 2720 1434 2765; x_wconf 92' lang='lat' dir='ltr'>ab</span> <span class='ocrx_word' id='word_1_239' title='bbox 1465 2718 1744 2777; x_wconf 87' lang='lat' dir='ltr'>eptasyllabo</span> <span class='ocrx_word' id='word_1_240' title='bbox 1770 2724 1861 2764; x_wconf 84' lang='lat' dir='ltr'>tra-</span> 
     </span>
    </p>
   </div>
   <div class='ocr_carea' id='block_1_10' title="bbox 252 2821 1864 2940">
    <p class='ocr_par' dir='ltr' id='par_1_10' title="bbox 252 2821 1864 2940">
     <span class='ocr_line' id='line_1_32' title="bbox 268 2821 1864 2889; baseline -0.003 -8"><span class='ocrx_word' id='word_1_241' title='bbox 268 2846 281 2871; x_wconf 83' lang='lat'><strong>1</strong></span> <span class='ocrx_word' id='word_1_242' title='bbox 310 2844 400 2881; x_wconf 78' lang='lat' dir='ltr'>Cioe</span> <span class='ocrx_word' id='word_1_243' title='bbox 418 2844 543 2880; x_wconf 85' lang='lat' dir='ltr'>Guido</span> <span class='ocrx_word' id='word_1_244' title='bbox 560 2821 796 2884; x_wconf 81' lang='lat' dir='ltr'>Cavalcanti.</span> <span class='ocrx_word' id='word_1_245' title='bbox 1132 2843 1149 2870; x_wconf 82' lang='grc'><strong>3</strong></span> <span class='ocrx_word' id='word_1_246' title='bbox 1172 2843 1392 2879; x_wconf 80' lang='lat' dir='ltr'>Null&#39;uomo</span> <span class='ocrx_word' id='word_1_247' title='bbox 1421 2852 1496 2878; x_wconf 77' lang='lat' dir='ltr'>non</span> <span class='ocrx_word' id='word_1_248' title='bbox 1521 2841 1596 2888; x_wconf 69' lang='lat' dir='ltr'>pub</span> <span class='ocrx_word' id='word_1_249' title='bbox 1608 2843 1764 2889; x_wconf 65' lang='lat' dir='ltr'>compti-e</span> <span class='ocrx_word' id='word_1_250' title='bbox 1778 2836 1864 2878; x_wconf 67' lang='lat' dir='ltr'>drit-</span> 
     </span>
     <span class='ocr_line' id='line_1_33' title="bbox 252 2893 1560 2940; baseline -0.002 -7"><span class='ocrx_word' id='word_1_251' title='bbox 252 2896 284 2926; x_wconf 24' lang='lat'>*2</span> <span class='ocrx_word' id='word_1_252' title='bbox 309 2896 486 2933; x_wconf 86' lang='lat' dir='ltr'>Canzone</span> <span class='ocrx_word' id='word_1_253' title='bbox 505 2896 549 2933; x_wconf 86' lang='grc' dir='ltr'>ΙΙ.</span> <span class='ocrx_word' id='word_1_254' title='bbox 1087 2893 1560 2940; x_wconf 66' lang='grc' dir='ltr'>ταητειιτο(ςίυεῐεωεηῑθ).</span> 
     </span>
    </p>
   </div>
  </div>
 </body>
</html>
