2054 3262
367 174 452 221 340
959 181 1105 217 Lmen
1138 181 1399 219 SECUNDUS.
1985 0 2054 227 ἲ».

364 276 412 321 in
443 275 583 320 sacris
613 274 758 320 literis
794 275 927 321 nobis
959 276 1080 322 dicta
1118 282 1226 322 sunt
1244 291 1259 334 3
1302 277 1422 324 sicut
1452 278 1510 324 ad
1537 279 1654 326 hoc:
1686 279 1813 339 quod
1841 293 1994 340 nem0,
2048 307 2054 338 ;

364 354 797 407 quantumcumque
836 349 1084 396 moralibus
1125 356 1171 416 et
1211 351 1601 398 intellectualibus
1640 353 1910 412 virtutibuS‚
1946 361 1994 401 et
2041 349 2054 366 ‘⁴'

364 420 622 477 secundum
644 419 853 465 habitum
873 426 919 465 et
941 422 1197 466 secundum
1221 422 1534 479 operationem
1549 424 1800 483 perfectus,
1821 427 1995 484 absque

364 492 454 538 fide
485 492 653 538 salvari
692 497 875 550 potest:
921 494 1026 538 dato
1058 494 1183 551 quod
1213 506 1454 551 nunquam
1499 495 1671 553 aliquid
1715 497 1773 543 de
1818 497 1996 545 Christo

364 565 613 611 audiverit.
660 565 775 610 Nam
805 566 892 612 hoc
923 566 1040 611 ratio
1072 567 1271 611 humana
1303 578 1386 623 per
1417 579 1465 612 se
1491 566 1669 624 justum
1699 569 1871 615 intueri
1904 583 1998 616 non
2040 561 2054 614 ἐ

366 645 535 697 potest,
570 638 658 684 fide
700 644 854 684 tamen
895 638 1048 696 adjuta
1081 646 1246 696 potest.
1289 639 1524 697 Scriptum
1554 647 1624 687 est
1655 641 1780 688 enim
1809 643 1867 689 ad
1895 644 1995 689 Hae-
2049 660 2054 679 ·÷

365 715 542 759 braeos:
579 713 861 770 Impossibile
881 718 942 757 est
967 702 1065 757 siue
1086 712 1174 770 fide
1203 712 1391 769 placere
1430 713 1537 758 Deo.
1578 713 1638 759 Et
1675 713 1726 759 in
1763 715 1995 762 Levitico:
2047 710 2054 769 ᾎ

366 788 507 833 Homo
541 787 726 845 quilibet
757 786 810 831 de
840 786 966 831 domo
995 787 1160 840 Israel,
1186 787 1264 844 qui
1289 786 1509 831 occiderit
1539 786 1704 842 bovem,
1744 792 1826 834 aut
1858 802 1996 846 ovem,

365 866 444 908 aut
484 874 694 918 capram,
727 862 778 906 in
809 861 974 905 castris
1000 860 1069 904 vel
1093 862 1230 905 extra
1272 864 1444 917 castra,
1481 865 1522 906 et
1560 874 1649 907 nou
1679 862 1895 909 obtulerit
1933 865 1996 909 ad

365 937 528 981 ostium
567 935 859 980 tabernaculi
900 935 1171 979 oblalioucm
1210 935 1421 988 Domino,
1463 936 1707 992 sanguinis
1745 949 1853 982 reus
1891 939 1995 983 erit.

366 1008 544 1054 Ostium
574 1008 855 1053 tabernaculi
890 1007 1124 1053 Christum
1155 1007 1339 1064 figurat,
1366 1006 1445 1065 qui
1469 1012 1538 1052 est
1564 1008 1735 1056 ostium
1765 1010 1998 1057 conclavis

366 1082 547 1138 aeterni,
581 1086 635 1127 ut
669 1093 728 1126 ex
758 1081 1009 1137 Evangelio
1042 1081 1144 1127 elici
1176 1086 1357 1138 potest:
1393 1079 1558 1126 occisio
1587 1081 1852 1128 animalium
1892 1095 1998 1141 ope·
2050 1111 2054 1143 :-

364 1155 565 1200 rationes
595 1154 831 1199 humanas.
858 1152 1106 1199 Occultum
1130 1166 1244 1201 vero
1271 1160 1339 1200 est
1361 1153 1590 1211 judicium
1614 1154 1698 1200 Dei
1718 1155 1775 1201 ab
1797 1155 2002 1201 humana·
2040 1175 2043 1177 >

365 1229 559 1284 ratione,
599 1239 704 1284 quae
738 1238 825 1271 nec
856 1226 956 1282 lege
986 1231 1184 1282 naturae,
1217 1238 1304 1271 nec
1336 1226 1435 1282 lege
1464 1225 1636 1283 scripta
1667 1226 1726 1272 ad
1755 1238 1862 1272 eum
1893 1214 1996 1285 per-

369 1300 501 1357 tingit
518 1314 532 1357 3
565 1300 646 1345 sed
679 1299 735 1344 de
766 1298 911 1355 gratia
949 1298 1131 1356 speciali
1176 1298 1453 1356 quandoque
1485 1299 1737 1357 pertingit3
1779 1300 1905 1358 quod
1945 1300 1997 1345 fit

366 1373 577 1432 pluribus
618 1372 796 1428 modis;
843 1372 1122 1428 quandoque
1154 1371 1348 1428 simplici
1384 1368 1682 1428 revelatione,
1722 1372 1999 1430 quandoque

365 1445 665 1500 revelatione,
699 1443 1030 1500 disceptatione
1062 1443 1259 1501 quadam
1296 1443 1542 1489 mediante.
1588 1443 1792 1502 Simplici
1822 1445 1999 1491 revela-

367 1518 490 1564 tione
531 1515 807 1574 dupliciter:
854 1520 935 1560 aut
980 1520 1144 1572 sponte
1186 1515 1285 1571 Dei,
1326 1520 1407 1561 aut
1454 1516 1659 1562 oratione
1704 1517 1997 1576 impetrante.

370 1592 542 1649 Sponte
569 1589 652 1635 Dei
679 1588 955 1646 dupliciter:
992 1593 1072 1633 aut
1099 1600 1332 1646 expresse,
1358 1594 1438 1634 aut
1464 1601 1546 1646 per
1571 1581 1772 1646 signum.
1805 1590 2000 1648 Expres-

366 1677 430 1723 se,
456 1664 577 1710 sicut
605 1662 865 1709 revelatum
892 1661 980 1706 fuit
1006 1659 1234 1717 judicium
1261 1660 1459 1706 Samueli
1485 1667 1646 1707 contra
1673 1662 1863 1709 Saulem
1870 1677 1884 1720 ;
1917 1676 2000 1721 per
2053 1679 2054 1683 ¹

367 1739 568 1796 signum,
595 1737 717 1783 sicut
745 1736 973 1782 Pharaoni
997 1734 1258 1782 revelatum
1285 1734 1370 1780 fuit
1397 1746 1480 1792 per
1503 1734 1701 1794 signum,
1727 1737 1851 1794 quod
1875 1738 1999 1785 Deus

361 1812 652 1870 judicaverat
679 1811 736 1856 de
759 1808 1031 1856 liberatione
1062 1808 1262 1854 filiorum
1286 1809 1436 1854 Israel.
1464 1806 1680 1856 Oratione
1703 1809 1996 1870 impetrante,
2044 1860 2054 1865 ,Α

367 1887 491 1946 quod
520 1886 743 1941 sciebant,
784 1883 863 1941 qui
904 1882 1147 1927 dicebant:
1195 1883 1306 1927 Cum
1337 1884 1606 1940 ignoramus
1628 1885 1739 1943 quid
1759 1898 1897 1943 ayere
1926 1887 1998 1932 de·
2047 1869 2054 1886 ⁴

368 1962 564 2015 beamus.
596 1960 676 2005 hoc
706 1957 1090 2003 solumhabemus
1116 1955 1292 2001 residui
1315 1960 1365 2001 ul
1390 1947 1452 2001 ad
1474 1961 1515 2002 te
1538 1952 1693 2002 'oculos
1723 1957 2008 2016 diriqamus..

370 2031 710 2090 Disceptatione
740 2042 853 2076 vero
884 2027 1118 2074 mediante
1151 2027 1428 2085 dupliciter:
1461 2033 1542 2072 aut
1573 2033 1712 2086 sorte,
1736 2034 1817 2074 aut
1850 2036 1996 2076 certa-

368 2105 507 2151 mine.
550 2096 738 2148 Certare
768 2101 907 2157 enim,
950 2100 1006 2145 ab
1039 2111 1092 2144 eo
1133 2099 1257 2157 quod
1289 2104 1359 2144 est
1402 2104 1584 2145 certum
1623 2099 1789 2157 facere,
1822 2101 1997 2147 dictum

370 2184 453 2225 est.
494 2179 625 2224 Sorte
664 2174 891 2233 siquidem
932 2172 1212 2231 quandoque
1261 2172 1343 2217 Dei
1385 2171 1613 2230 ⁸iudicium
1647 2172 1885 2220 revelatur
1918 2174 1997 2222 ho-

368 2252 572 2299 minibus
590 2264 604 2307 3
656 2255 709 2295 ut
768 2253 894 2306 patet
953 2247 1001 2291 in
1056 2246 1386 2292 substitutione
1445 2245 1644 2293 Matthiae
1700 2246 1749 2292 in
1807 2247 1998 2295 Actibus

371 2324 706 2382 Apostolorum.
743 2319 1004 2366 Certamine
1047 2330 1162 2365 vero
1214 2317 1460 2376 dupliciter
1503 2319 1585 2364 Dei
1624 2319 1855 2377 judicium
1892 2334 1996 2380 ape-

370 2397 523 2443 ritur:
580 2394 654 2441 vel
711 2406 770 2439 ex
825 2391 1053 2438 collisione
1114 2390 1317 2448 virium,
1376 2391 1498 2438 sicut
1554 2391 1604 2438 fit
1655 2405 1739 2451 per
1794 2393 1996 2441 duellum
2050 2453 2054 2456 ,

372 2470 596 2530 pugilum,
645 2468 725 2526 qui
773 2467 1023 2512 duelliones
1068 2465 1207 2512 etiam
1253 2470 1512 2512 vocantur:
1570 2467 1646 2515 vel
1693 2479 1753 2514 ex
1805 2474 1995 2515 conten-

375 2543 498 2591 tione
527 2538 731 2601 plur'ium
761 2541 818 2588 ad
847 2540 1033 2599 aliquod
1056 2538 1238 2597 signum
1271 2538 1527 2599 praevalere
1559 2539 1842 2598 conantium,
1873 2540 1994 2588 sicut
