2054 3262
296 139 379 186 158
920 147 1067 183 L1BER·
1095 148 1289 184 PmMUS.

294 242 573 287 deridebant.
612 241 700 286 Sed
731 241 833 288 haec
863 242 1049 287 minima
1080 254 1185 301 pars
1220 247 1448 300 quantum
1472 243 1530 288 ad
1560 256 1808 291 numerum
1830 245 1920 293 suit

296 316 350 361 de
378 315 553 360 semine
582 315 702 371 Sem,
725 314 847 361 sicut
875 315 1083 372 conjicio,
1115 316 1196 374 qui
1231 315 1317 361 fuit
1359 317 1525 362 tertius
1555 315 1674 364 filius
1704 317 1798 365 Noe
1814 332 1829 376 3
1862 320 1919 365 de

296 400 383 446 qua
413 387 598 445 quidem
616 393 746 434 ortus
771 394 839 434 est
865 389 1061 447 populus
1085 389 1234 444 Israel,
1254 388 1332 446 qui
1354 389 1667 448 antiquissima
1689 390 1920 438 locutione

296 468 403 507 sunt
430 461 500 507 usi
523 474 668 519 usque
690 462 746 508 ad
767 475 896 508 suam
921 462 1261 521 dispersionem.

954 718 1118 766 CAPUT
1150 720 1260 769 VIII.

489 868 707 904 Subdixisio
738 867 932 904 idiomatis
961 878 1028 916 per
1057 867 1188 904 orbem
1219 871 1257 903 et
1284 868 1476 917 praecipue
1505 868 1544 906 in
1570 869 1735 919 Europa.

384 974 456 1020 Ex
479 974 762 1033 praecedenti
793 981 1043 1021 memorata
1071 975 1346 1024 confusione,
1363 976 1625 1033 linguarum
1645 989 1737 1023 non
1757 976 1927 1024 leviter

297 1049 557 1107 opinamur,
579 1061 663 1107 per
688 1048 905 1096 universa
931 1048 1091 1094 mundi
1119 1049 1318 1105 climata,
1341 1049 1668 1108 climatumque
1689 1049 1841 1108 plagas
1855 1049 1925 1095 in-

301 1122 513 1167 colendas
539 1127 586 1168 et
607 1122 810 1179 angulOS,
838 1127 953 1168 tunc
976 1121 1182 1167 homines
1207 1122 1408 1180 primum
1432 1122 1572 1168 fuisse
1603 1123 1840 1181 dispersos
1865 1122 1924 1169 Et
1973 1152 1975 1154 -

299 1206 407 1239 cum
427 1194 558 1240 radix
583 1194 796 1240 humanae
822 1194 1081 1252 propaginis
1100 1194 1419 1252 principaliter
1439 1195 1487 1239 in
1508 1195 1598 1241 oris
1629 1195 1927 1242 orientalibus

298 1266 356 1313 sit
382 1267 585 1324 plantata
601 1280 616 1324 3
648 1279 735 1312 nec
765 1279 859 1312 non
890 1267 945 1312 ab
970 1267 1075 1311 inde
1101 1267 1158 1311 ad
1188 1272 1442 1325 utrumque
1467 1268 1602 1325 latuS,
1627 1281 1711 1326 per
1743 1268 1929 1315 diffusos

300 1340 615 1398 multipliciter
645 1340 870 1398 palmiteS,
903 1346 1060 1386 nostra
1091 1341 1150 1386 sit
1172 1347 1363 1387 extensa
1395 1345 1593 1400 propago
1609 1357 1624 1399 3
1650 1343 1839 1389 demum
1868 1344 1926 1388 ad

300 1412 413 1458 fines
437 1413 743 1459 occidentales
772 1418 1004 1471 protracta
1029 1419 1115 1470 est,
1141 1415 1265 1460 unde
1296 1414 1511 1472 primitus
1536 1421 1650 1461 tunc
1681 1415 1759 1462 vel
1785 1415 1929 1462 totius

298 1488 496 1545 Europae
522 1486 726 1543 flumina,
752 1487 829 1533 vel
853 1487 1014 1533 saltem
1039 1488 1253 1545 quaedam
1276 1488 1511 1535 rationalia
1527 1495 1717 1546 guttura
1738 1495 1926 1548 potave-

299 1567 426 1607 runt.
457 1561 546 1607 Sed
569 1561 668 1607 sive
693 1561 886 1607 advenae
914 1566 1027 1607 tunc
1052 1561 1268 1619 primitus
1292 1562 1605 1620 advenissent,
1625 1563 1724 1610 sive
1753 1564 1810 1610 ad
1835 1564 1929 1611 Eu-

299 1648 458 1693 ropam
480 1634 707 1691 indigenae
733 1635 1047 1692 repedassent,
1083 1634 1249 1680 idioma
1282 1647 1442 1681 secum
1467 1636 1693 1682 trifarium
1723 1636 1929 1683 homines

297 1710 576 1766 attulerunt,
613 1714 659 1754 et
696 1707 985 1754 afferentium
1020 1708 1107 1753 hoc
1131 1708 1205 1753 alii
1234 1707 1594 1765 meridionalem,
1629 1708 1703 1754 alii
1732 1714 1930 1768 septem-

301 1784 543 1831 trionalem
566 1783 804 1840 regionem
828 1782 875 1827 in
898 1782 1084 1840 Europa
1108 1782 1193 1829 sibi
1213 1782 1364 1832 sortiti
1395 1789 1504 1830 sunt
1521 1797 1535 1840 ;
1569 1788 1616 1830 et
1641 1784 1782 1842 tertii,
1813 1794 1929 1842 quos

299 1872 427 1905 nunc
454 1858 638 1904 Graecos
663 1869 900 1913 vocamUS,
925 1862 1106 1914 partem
1137 1856 1353 1915 Europae,
1386 1863 1566 1915 partem
1590 1857 1709 1904 Asiae
1735 1870 1930 1916 occupa-

298 1940 425 1981 runt.
452 1934 522 1981 Ab
548 1946 641 1980 uno
666 1939 838 1992 postea,
865 1933 1119 1991 eodemque
1144 1932 1377 1989 idiomate,
1403 1933 1638 1979 immunda
1665 1933 1928 1980 confusione

298 2014 503 2067 recepte,
541 2007 720 2054 diversa
759 2005 965 2063 vulgaria
1007 2010 1251 2052 traxerunt
1292 2005 1530 2062 originem,
1578 2005 1699 2052 sicut
1738 2005 1929 2052 inferius

299 2081 607 2128 ostendemus
637 2080 750 2124 Nam
775 2084 928 2124 totum
953 2079 1077 2136 quod
1101 2078 1157 2123 ab
1181 2077 1307 2124 ostiis
1336 2083 1405 2124 est
1437 2079 1647 2136 Danubii,
1678 2079 1778 2127 sive
1808 2079 1928 2126 Meo-

305 2155 406 2201 tidis
431 2154 676 2213 paludibus
701 2165 846 2211 usque
875 2153 931 2198 ad
963 2152 1079 2198 fines
1111 2152 1415 2199 occidentales
1446 2153 1548 2212 (qui
1577 2152 1769 2211 Angliae,
1800 2153 1931 2200 Italo-

300 2239 421 2283 rum,
448 2227 827 2285 Francorumque
844 2225 1027 2283 finibus,
1054 2231 1100 2272 et
1123 2225 1303 2272 Oceano
1318 2226 1599 2287 limitantur)
1616 2226 1765 2273 solum
1780 2239 1928 2273 unum

300 2299 500 2346 obtinuit
523 2299 689 2345 idioma
701 2313 716 2356 3
748 2300 855 2346 licet
881 2306 1036 2358 postea
1062 2312 1144 2358 per
1171 2300 1433 2357 SclavoneS,
1466 2301 1685 2358 Ungaros,
1711 2300 1929 2347 Teutoni-

302 2385 394 2430 cos,
421 2373 638 2430 Saxones,
663 2373 893 2431 AnglicOS,
920 2380 966 2420 et
991 2373 1098 2418 alias
1118 2372 1326 2419 nationes
1349 2373 1660 2431 quamplureS,
1685 2373 1825 2419 fuerit
1846 2386 1931 2432 per

302 2448 484 2494 diversa
508 2447 715 2504 vulgaria
747 2447 1009 2494 derivatum
1025 2460 1040 2504 3
1071 2446 1158 2493 hoc
1188 2446 1283 2493 solo
1307 2445 1402 2492 fere
1433 2445 1646 2491 omnibus
1674 2445 1722 2491 in
1745 2445 1930 2503 signum

301 2523 502 2581 ejusdem
539 2523 750 2582 principii
789 2528 1078 2580 remanente,
1119 2523 1244 2581 quod
1283 2521 1413 2580 quasi
1446 2519 1657 2580 praedicti
1697 2532 1855 2566 omnes
1875 2522 1931 2577 jo

300 2597 570 2643 affirmando
601 2598 895 2655 respondent.
928 2597 998 2644 Ab
1028 2597 1116 2645 isto
1147 2596 1370 2655 incipiens
1400 2595 1631 2652 idiomate,
1661 2595 1876 2642 videlicet
1905 2607 1931 2640 a

301 2669 470 2715 finibus
509 2670 798 2726 Ungarorum
836 2682 1001 2717 versus
1045 2669 1287 2726 orientem,
1327 2669 1451 2714 aliud
1490 2668 1736 2727 occupavit
1778 2673 1930 2714 totum

302 2744 426 2801 quod
443 2743 621 2789 abinde
638 2749 835 2791 vocatur
854 2743 1056 2803 Europa,
1082 2755 1169 2789 nec
1193 2755 1286 2788 non
1310 2742 1506 2789 ulterius
1530 2747 1600 2789 est
1624 2747 1925 2802 protractum.
