2054 3262
325 163 410 210 354
922 174 1066 211 maun
1098 175 1358 213 SECUNDUS.

325 265 688 324 propinquorum
712 263 901 314 suornm
919 269 1266 327 exaugeantur‘?
1294 271 1379 317 Sed
1399 270 1549 318 forsan
1567 270 1732 318 melius
1754 275 1824 317 est
1844 281 1950 329 pro-

325 339 525 397 positum
542 340 774 397 prosequi,
800 345 847 386 et
870 342 955 386 sub
972 342 1046 399 pio
1066 342 1246 388 silentio
1269 343 1513 390 Salvatoris
1532 344 1679 390 noeri
1699 350 1948 403 expectare

324 424 614 460 succursum.
643 414 754 460 Dico
775 426 899 479 ergo,
925 416 1050 474 quod
1068 416 1105 461 si
1130 406 1373 463 romanum
1394 417 1641 475 imperium
1661 417 1717 463 de
1735 416 1841 475 jure
1855 429 1948 463 non

323 486 427 543 fuit,
461 487 667 534 Christus
695 491 924 536 nascendo
961 491 1254 550 praesumpsit
1296 491 1550 549 injustum;
1585 497 1633 538 at
1667 502 1955 550 consequens

325 567 395 607 est
420 562 608 620 falsum;
635 575 743 622 ergo
763 566 1174 613 contradictorium
1205 566 1520 613 antecedentis
1558 571 1627 612 est
1666 576 1848 613 verum.
1881 565 1950 610 In-

325 636 481 683 ferunt
507 637 629 684 enim
653 650 702 684 se
728 639 1082 685 contradictoria
1105 636 1355 686 invicem'a
1381 639 1612 685 contrario
1633 649 1785 685 sensu,
1811 637 1954 683 Falsi-

325 715 469 755 tatem
495 711 819 768 consequentis
843 712 899 757 ad
939 710 1094 757 fideles
1127 712 1370 757 ostendere
1409 724 1503 758 non
1545 716 1743 770 oportet.
1769 710 1884 757 Nam
1915 710 1952 755 si

326 781 471 828 fidelis
497 783 600 840 quis
624 789 708 839 est,
731 784 894 829 falsum
916 785 1003 830 hoc
1035 797 1133 830 esse
1165 785 1401 831 concedit:
1437 790 1483 831 et
1512 785 1551 830 si
1591 796 1684 830 non
1724 778 1956 840 concedit,

324 857 470 903 fidelis
495 871 588 904 non
613 864 680 904 est
692 872 706 915 ;
732 859 813 905 sed
837 861 892 905 ab
919 873 972 906 eo
996 860 1112 905 ratio
1137 860 1223 906 ista
1248 873 1342 905 non
1375 860 1617 917 quaeritur.
1655 858 1950 918 Consequen-

326 930 436 977 tiam
466 931 530 976 sic
573 932 793 977 ostendo:
837 932 1127 990 Quicumque
1167 932 1350 990 aliquod
1390 932 1595 977 edictum
1628 943 1689 978 ex
1728 925 1987 976 electione

325 1003 639 1062 prosequitur,
666 1003 777 1049 illud
798 1016 894 1049 esse
914 1003 1095 1061 justum
1126 1016 1263 1061 opere
1288 1004 1566 1061 persuadet:
1594 1009 1641 1050 et
1676 1016 1785 1050 cum
1811 1016 1950 1062 opera

325 1077 468 1133 magis
493 1077 714 1124 suadeant
744 1088 884 1135 quam
912 1088 1147 1122 sermones
1173 1075 1246 1134 (ut
1277 1076 1540 1134 philosopho
1571 1076 1721 1134 placet
1754 1075 1803 1122 in
1833 1075 1952 1131 ‚ulti-

325 1150 414 1196 mis
439 1151 496 1197 ad
518 1149 883 1210 Nicomachum),
903 1150 1043 1207 magis
1067 1150 1312 1207 persuadet
1338 1162 1477 1208 quam
1501 1149 1539 1195 si
1559 1161 1772 1196 sermone
1792 1158 1955 1209 appro-

327 1225 470 1272 baret.
501 1225 590 1270 Sed
615 1224 839 1281 Christus,
864 1230 917 1270 ut
942 1223 1039 1281 ejus
1063 1224 1211 1272 scriba
1241 1225 1389 1271 Lucas
1424 1229 1638 1282 testatur,
1678 1224 1767 1270 sub
1798 1224 1950 1270 edicto

325 1310 528 1346 romanae
555 1298 810 1345 actoritatis
834 1298 959 1345 nasci
988 1298 1135 1345 voluit
1162 1299 1216 1344 de
1249 1299 1430 1356 virgine
1463 1298 1624 1355 Matre,
1662 1302 1717 1344 ut
1756 1297 1830 1344 illa
1861 1297 1959 1344 sin-

327 1373 472 1431 gulari
497 1372 677 1430 generis
701 1372 888 1418 humani
914 1372 1221 1430 descriptione
1247 1371 1366 1419 filius
1397 1372 1478 1418 Dei
1506 1372 1656 1420 sactus
1677 1371 1814 1418 homo
1846 1382 1953 1417 con·

327 1446 612 1491 scriberetur
622 1458 637 1501 3
670 1444 794 1502 quod
818 1444 904 1490 fuit
930 1444 1041 1488 illud
1066 1444 1294 1501 prosequi.
1328 1444 1387 1490 Et
1409 1444 1527 1490 forte
1558 1444 1764 1492 sanctius
1788 1451 1857 1491 est
1883 1458 1957 1492 ar-

327 1517 503 1574 bitrari,
527 1516 751 1564 divinitus
775 1515 887 1560 illud
912 1515 1108 1561 exivisse
1138 1528 1221 1573 per
1254 1517 1510 1572 Caesarem3
1538 1522 1592 1563 ut
1627 1518 1708 1576 qui
1750 1525 1958 1577 tempora

329 1597 456 1639 tanta
477 1590 627 1637 fuerat
653 1594 925 1648 expectatus
951 1589 997 1634 in
1034 1589 1252 1636 societate
1295 1590 1572 1649 mortalium,
1609 1603 1718 1637 cum
1755 1592 1957 1638 mortali-

328 1666 413 1711 bus
443 1664 538 1721 ipse
577 1675 626 1708 se
667 1661 973 1719 consignaret.
1006 1660 1128 1718 Ergo
1158 1660 1365 1708 Christus
1403 1661 1603 1720 Augusti
1642 1663 1957 1710 Romanorum

327 1738 606 1785 auctoritate
635 1737 885 1794 fungentiS,
903 1736 1108 1782 edic-tum
1132 1736 1228 1782 fore
1248 1736 1444 1794 justum,
1470 1749 1608 1796 opere
1633 1738 1874 1795 persuasit.
1897 1738 1961 1784 Et

253 1824 257 1829 ·
329 1826 436 1860 cum
459 1814 515 1861 ab
533 1813 659 1870 Juste
685 1813 866 1859 edicere
886 1812 1145 1870 jurisdictio
1177 1817 1416 1869 sequatur,
1448 1823 1637 1858 necesse
1668 1817 1753 1870 est,
1792 1818 1846 1859 ut
1876 1813 1957 1872 qui

326 1892 439 1937 illud
464 1891 669 1937 edictum
694 1889 934 1948 persuasit,
961 1887 1330 1946 jurisdictionem
1351 1885 1489 1939 etiam
1522 1886 1818 1943 persuaserit:
1851 1898 1958 1944 quae

327 1964 364 2011 si
390 1964 445 2009 de
465 1963 570 2020 jure
595 1975 690 2009 non
715 1967 829 2018 erat,
861 1961 1029 2019 injusta
1054 1965 1167 2006 erat.
1193 1959 1252 2005 Et
1274 1959 1547 2016 notandum,
1568 1960 1692 2017 quod
1711 1971 1960 2017 argumen-

331 2042 431 2084 tum
468 2041 708 2093 sumptum
755 2034 812 2081 ad
850 2032 1215 2078 destructionem
1257 2031 1598 2090 consequentiS,
1639 2031 1745 2079 licet
1787 2033 1844 2078 de
1875 2045 1959 2080 sua

326 2108 472 2156 forma
502 2121 585 2167 per
615 2107 815 2165 aliquem
843 2106 999 2152 locum
1027 2110 1210 2162 teneat3
1236 2110 1387 2152 tamen
1410 2104 1509 2153 vim
1530 2117 1660 2153 suam
1685 2118 1770 2164 per
1789 2118 1956 2153 secun-

328 2183 433 2230 dam
456 2181 652 2239 figuram
676 2179 894 2236 ostendit,
918 2178 955 2225 si
979 2179 1232 2225 reducatur
1256 2179 1377 2225 sicut
1408 2184 1736 2237 argumentum
1766 2179 1815 2225 in
1839 2179 1958 2239 posia

330 2257 455 2304 tione
495 2255 812 2303 antecedentis
854 2266 937 2312 per
976 2254 1483 2312 primamyreducitur
1513 2254 1636 2300 enim
1675 2253 1955 2301 sicr-Omne

330 2332 555 2390 injustum
586 2328 894 2387 persuadetur
918 2326 1086 2383 injuste
1104 2340 1119 2384 3
1155 2327 1361 2374 Christus
1384 2338 1478 2372 non
1502 2327 1730 2385 persuasit
1754 2325 1956 2386 injuste:

329 2416 439 2461 ergo
477 2414 571 2448 non
613 2400 838 2459 persuasit
883 2398 1120 2456 injustum.
1166 2399 1206 2445 A
1250 2399 1476 2457 positione
1513 2399 1830 2446 antecedentis
1859 2400 1959 2446 sic:

330 2471 484 2524 Omne
507 2474 732 2532 injustum
755 2473 1063 2531 persuadetur
1094 2471 1259 2529 injuste
1275 2485 1290 2529 3
1321 2472 1530 2520 Christus
1557 2472 1786 2532 persuasit
1811 2473 1958 2531 quod·

330 2551 436 2597 dam
460 2548 714 2605 injustum:
741 2558 849 2603 ergo
881 2545 1106 2603 persuasit
1132 2545 1315 2603 inJuste.

417 2622 441 2687 ἓ
472 2625 540 2671 ΧΙ.
572 2623 632 2668 Et
662 2621 701 2667 si
724 2631 968 2667 romanum
988 2619 1234 2677 imperium
1257 2620 1312 2665 de
1338 2619 1442 2677 jure
1468 2632 1562 2666 non
1584 2619 1688 2677 fuit,
1713 2625 1960 2679 peccatum

327 2701 439 2750 Adae
465 2700 513 2745 in
537 2698 715 2744 Christo
749 2709 843 2743 non
880 2695 968 2740 fuit
1009 2694 1227 2752 punitum
1242 2708 1257 2752 3
1291 2695 1377 2741 hoc
1416 2700 1575 2741 autem
1604 2699 1724 2744 esset
1762 2693 1966 2758 salsum·,

323 2787 439 2832 ¹ergo
470 2769 881 2820 contradictorium
906 2767 1017 2829 ejuS,
1043 2779 1102 2813 ex
1127 2778 1218 2826 quo
1244 2767 1472 2825 sequitur,
1503 2771 1574 2814 est
1604 2778 1790 2814 verum.
1819 2766 1965 2814 Falsi-
