2054 3262
797 456 1052 512 SUMMA
1091 435 1429 512 oAPrrtJM

951 623 1081 660 LIBRI
1111 620 1262 659 PRIMJ.

1080 775 1139 784 -—-.

385 1193 410 1230 l.
438 1191 536 1238 Quid
564 1195 614 1229 sit
644 1193 819 1242 vulgaris
849 1179 1005 1242 locutio,
1031 1197 1069 1230 et
1096 1203 1172 1242 quo
1200 1191 1402 1255 differat?
1439 1193 1666 1242 gramatica.
1705 1193 1822 1244 ·1>.:g.
1848 1194 1926 1232 140
2009 1189 2011 1191 ’
2052 1187 2054 1189 ’

370 1257 409 1293 ll.
440 1256 546 1301 Quod
575 1256 679 1293 solus
709 1258 823 1295 liomo
853 1257 968 1293 babet
996 1256 1268 1294 commercium
1298 1255 1512 1293 sermonis,
1546 1283 1818 1295 ........
1848 1257 1921 1295 14Ξ

357 1319 414 1354 ΙΙΙ.
443 1318 549 1364 Quod
580 1319 837 1356 necessarium
875 1319 950 1356 fuit
979 1319 1127 1357 homini
1154 1318 1423 1356 commercium
1453 1320 1641 1356 sermonis
1657 1346 1818 1359 .....
1847 1321 1923 1357 144

362 1381 420 1418 lV.
448 1381 515 1418 Cui
544 1381 691 1418 homini
721 1383 890 1430 primum
919 1382 1031 1422 datus
1059 1389 1115 1420 est
1140 1395 1281 1431 sermo,
1300 1382 1392 1432 quid
1412 1383 1538 1432 primo
1567 1382 1676 1430 dixit,
1695 1380 1731 1421 e't
1749 1384 1820 1421 sub

492 1456 568 1492 quo
599 1445 780 1481 idiomate
816 1471 1818 1485 ...........................
1848 1447 1922 1483 146
1971 1484 1975 1488 ,

381 1507 421 1544 V.
449 1507 533 1556 Ubi,
561 1513 599 1544 et
626 1508 686 1544 cui
716 1507 885 1556 primum
916 1509 1031 1546 homo
1066 1509 1215 1546 loeutus
1242 1508 1293 1545 sit
1308 1535 1817 1548 ..............
1847 1509 1923 1547 150

364 1570 420 1607 Vl.
448 1570 525 1607 Sub
557 1582 631 1619 quo
663 1570 844 1607 idiomate
873 1570 1042 1619 primum
1073 1571 1222 1608 locutus
1249 1575 1307 1607 est
1335 1570 1462 1619 homo,
1481 1576 1519 1607 et
1540 1570 1639 1607 unde
1659 1571 1732 1608 fuit
1753 1583 1819 1609 au·

488 1639 575 1670 ctor'
601 1634 713 1682 liujus
741 1633 871 1682 operis
889 1660 1817 1672 .........................
1847 1634 1922 1670 152

347 1697 422 1734 Vll.
448 1698 502 1734 De
529 1696 718 1734 divisione
745 1697 938 1734 sermonis
967 1698 1005 1734 in
1036 1698 1166 1746 plures
1194 1695 1345 1745 linguas
1348 1723 1817 1734 .............
1848 1697 1923 1732 154
1948 1691 1952 1693 ’

329 1759 421 1797 vm.
449 1759 670 1797 Subdivisio
699 1759 894 1798 idiomatis
923 1771 992 1809 per
1020 1760 1166 1805 orbem,
1193 1764 1231 1796 et
1259 1758 1454 1807 praecipuc
1481 1758 1519 1796 in
1541 1759 1705 1808 Europa.
1733 1787 1744 1797 .
1771 1786 1780 1796 .
1809 1788 1818 1797 .
1847 1760 1923 1797 158

355 1824 412 1860 ΙΧ.
442 1824 494 1860 De
523 1822 670 1872 tripiici
701 1823 886 1861 varietate
915 1823 1118 1869 sermonis,
1144 1828 1182 1859 et
1210 1821 1377 1871 qualiter
1407 1833 1476 1871 per
1513 1828 1689 1871 tempora
1718 1822 1818 1860 idem

488 1886 631 1924 idioma
661 1892 845 1934 mutatur,
872 1893 910 1924 et
937 1887 984 1924 de
1012 1886 1230 1924 inventione
1257 1885 1480 1934 gramaticae
1499 1913 1817 1926 .........
1851 1887 1926 1925 160

367 1950 413 1987 Χ.
441 1951 493 1987 De
522 1951 707 1987 varietate
735 1950 930 1988 idiomatis
960 1950 998 1987 in
1026 1950 1136 1987 Italia
1166 1962 1187 1986 a
1216 1949 1362 1986 dextris
1381 1955 1419 1986 et
1446 1960 1467 1985 a
1487 1948 1657 1987 sinistris
1675 1951 1819 1988 montis

486 2012 701 2061 Appennini
730 2038 1817 2051 .............................
1848 2013 1922 2050 166

345 2076 406 2112 ΧΙ.
435 2073 654 2111 Ostenditur
670 2075 788 2112 ltaliae
801 2074 950 2125 aliquos
967 2074 1106 2111 habere
1121 2074 1512 2124 idiomaincomptum
1529 2079 1566 2110 et
1582 2073 1752 2124 ineptum
1770 2103 1779 2111 .
1808 2104 1818 2114 .
1847 2077 1923 2114 170

333 2138 410 2175 Xll.
441 2138 491 2174 De
521 2137 704 2174 idiomate
732 2138 850 2175 siculo
880 2143 917 2175 et
952 2138 1068 2187 apulo
1071 2164 1817 2176 ....................
1846 2139 1922 2175 172

314 2201 408 2238 Xlll.
439 2202 490 2237 De
519 2200 702 2237 idiomate
729 2202 938 2251 Tuscorum
967 2200 1269 2237 etJanucnsium
1275 2227 1816 2239 ...............
1845 2201 1920 2238 176

318 2264 411 2301 XIV.
438 2264 491 2300 De
521 2263 700 2300 idiomate
728 2264 1080 2312 Romandiolmum,
1107 2264 1209 2301 etde
1228 2262 1458 2313 quibusdam
1479 2263 1752 2313 tianspadunis
1781 2270 1818 2300 ct

489 2326 682 2374 piaecipue
714 2326 760 2363 de
788 2331 920 2363 veneto
925 2352 1812 2364 ........................
1843 2325 1920 2364 180

335 2388 410 2425 XV.
439 2388 544 2424 Facit
572 2400 749 2438 magnam
778 2387 1053 2426 discussionem
1083 2388 1129 2425 de
1157 2387 1343 2426 idiomate
1369 2368 1595 2426 bononiensi
1609 2415 1813 2428 ......
1843 2390 1919 2427 182

326 2452 418 2488 XVI.
449 2452 500 2488 De
529 2452 752 2489 excellentia
798 2451 970 2501 vulgaiis
1016 2451 1257 2501 eloquentiae,
1295 2457 1333 2489 et
1367 2451 1468 2500 quod
1506 2453 1719 2490 communis
1757 2460 1815 2490 est

484 2515 661 2552 omnibns
689 2514 830 2552 Italicis
837 2540 1814 2554 ..........................
1843 2517 1918 2554 186

298 2578 404 2615 XVll.
433 2577 558 2623 Quare
595 2578 664 2615 lioc
693 2578 835 2615 idioma
865 2578 1014 2616 illustre
1040 2585 1204 2627 ‘vocetur
1220 2604 1767 2617 ...............
1801 2607 1810 2615 .
1845 2578 1916 2615 188

282 2641 405 2679 XVlll.
433 2641 559 2687 Quare
589 2642 659 2678 lioc
688 2641 831 2679 idioma
859 2647 1014 2680 vocetur
1042 2641 1252 2691 cardinale,
1278 2640 1448 2680 aulicum
1474 2646 1512 2679 ct
1538 2640 1700 2679 curiale.
1725 2668 1736 2679 .
1764 2668 1775 2678 .
1805 2669 1814 2677 .
1842 2641 1919 2679 190
