2054 3262
682 109 877 148 nomm
908 109 1237 148 PREmeAm,
1686 102 1776 149 415

149 218 294 251 manu
357 204 524 263 ropria
554 205 741 264 scripta
786 220 816 249 a
853 206 1012 249 Dante
1043 206 1294 264 florentino
1320 212 1468 264 poeta
1499 206 1771 251 clarissimo.

159 261 272 315 Quoe
332 262 546 321 iliyenter
574 268 620 308 et
648 268 869 308 accurate
898 269 1112 307 correcta
1129 263 1236 318 fait
1247 278 1334 320 per
1356 265 1652 308 reverendum
1671 279 1771 309 ma·

150 320 354 380 gistrum
384 319 609 365 Joannem
639 321 942 365 Benedictum
974 320 1262 364 Moncettum
1293 323 1347 364 de
1385 321 1643 366 Caetilione
1675 322 1770 365 Ar-

152 377 318 435 retino,
350 379 594 438 Reqentem
623 378 926 436 Patavinum,
966 378 1156 423 Ordinis
1187 379 1503 423 Eremitarum
1534 381 1651 423 Divi
1675 380 1771 423 Au-

149 437 342 495 gustini,
374 451 522 482 eacrae
555 451 610 482 ue
645 435 900 495 Theoloyioe
933 438 1168 481 doctorem
1197 437 1640 482 excellentissimum.
1660 437 1673 462 ¹

238 493 346 540 Una
383 453 580 540 seconga
621 493 825 540 edizione
864 508 922 538 ne
950 493 1002 538 fu
1031 493 1153 539 satta
1182 494 1231 538 in
1260 494 1429 551 Napoli
1458 497 1532 539 nel
1564 496 1678 540 1576
1710 495 1772 540 da

150 549 410 597 Francesco
440 551 653 608 Storella,
683 553 973 598 inserendola
995 554 1044 597 in
1064 567 1157 597 una
1179 553 1295 596 serie
1329 554 1370 596 d'
1389 553 1592 611 opusculi
1622 554 1771 597 filoso-

151 608 231 654 fici
261 623 287 655 e
317 610 571 668 scientifici,
604 611 673 655 ch’
691 612 784 670 egli
812 612 1018 656 raccolse
1049 611 1106 655 ed
1143 610 1226 655 uni
1265 611 1466 656 insieme.
1512 613 1554 655 Il
1592 613 1771 656 volume

150 667 235 712 che
316 674 416 714 orta
473 670 522 715 la
576 668 689 714 data
738 671 947 729 Neapoli
1003 670 1134 730 apud
1190 669 1449 714 Horatium
1501 671 1771 715 Salvianum

151 726 257 771 MD
303 728 491 787 XXVI,
537 727 563 774 ὁ
607 728 658 772 in
699 726 825 785 folio,
871 742 896 773 e
941 729 1151 773 contiene
1193 728 1237 772 le
1284 732 1487 785 operette
1533 729 1772 786 seguenti:

154 784 195 829 l.
228 784 365 830 Ascle
401 787 442 831 ii
469 801 528 832 ex
557 801 666 832 voce
694 786 930 832 Ammonii
959 787 1145 832 Hermae
1176 788 1227 831 in
1256 787 1631 845 Metaphysicam
1662 786 1771 830 Ari-

151 843 336 888 stotelio
355 801 596 902 ssroefatio
607 862 625 903 ,·
651 847 692 891 2.
714 846 893 890 Danti-s
914 845 1165 906 Alayherii
1177 846 1438 905 florentini,
1454 851 1605 904 poetce
1629 851 1771 902 atque

145 901 413 962 philosophi
442 904 742 960 celeberrimi,
770 904 1145 963 profundissima
1183 904 1386 955 Quoeetio
1419 906 1473 947 de
1494 904 1655 960 fiqura
1687 904 1771 947 ele-

153 965 407 1005 mentorum
434 961 591 1007 Terroe
625 968 668 1007 et
696 963 870 1020 Aquae;
902 963 943 1006 3.
965 963 1257 1020 Hyeronymi
1282 962 1454 1007 Girelli
1469 962 1775 1017 franciscani

152 1016 451 1078 Disceptatio
482 1021 537 1064 de
566 1022 800 1081 speciebus
827 1021 1198 1079 intelligibilibus
1229 1022 1453 1065 adversus
1494 1019 1736 1064 Zimaram
1752 1036 1769 1077 ‚-

151 1075 195 1120 4.
228 1075 475 1123 Ambracii
501 1079 557 1124 de
586 1079 692 1124 Alis
728 1078 1011 1124 Gravinatie
1040 1078 1305 1138 Speculatio
1333 1081 1387 1123 de
1412 1079 1610 1123 ocientia
1632 1093 1773 1136 quam

151 1135 282 1179 Deus
311 1135 450 1182 habet
479 1138 683 1182 aliorum
712 1152 742 1182 a
772 1151 837 1189 se,·
875 1137 917 1182 5.
949 1137 1202 1182 Francisci
1232 1136 1446 1181 Storellae
1486 1136 1770 1181 Adnotatio·

152 1206 232 1236 nee
260 1194 311 1238 in
339 1194 672 1251 Proefationem
701 1196 940 1254 Asclepii5
989 1197 1030 1240 6.
1062 1195 1285 1253 Ejusdem
1317 1195 1539 1248 Stimulae
1564 1195 1769 1254 philoso-

146 1251 378 1310 phorum
424 1254 465 1298 7.
495 1254 714 1312 Ejusdem
736 1255 898 1312 prima
926 1254 1106 1311 Lectio,
1141 1256 1249 1298 dum
1277 1255 1325 1298 in
1363 1254 1615 1311 Gymnasio
1645 1253 1770 1298 Nea-

144 1309 358 1368 politano
391 1311 559 1356 librum
590 1314 645 1358 de
675 1317 785 1356 ortu
814 1318 860 1357 et
886 1313 1085 1358 interitu
1116 1327 1363 1372 a99reesus
1394 1311 1507 1357 est.²

237 1366 311 1413 La
342 1368 614 1415 traduzione
651 1370 859 1428 italiana,
889 1375 1022 1429 posta
1053 1386 1081 1416 a
1110 1369 1261 1416 fronte
1293 1372 1367 1415 del
1398 1374 1520 1415 testo
1550 1370 1712 1427 latino,
1744 1369 1772 1414 ὁ

152 1423 227 1469 del
266 1426 547 1474 chiarissimo
586 1429 742 1487 signer
780 1429 1035 1487 professore
1073 1430 1331 1474 Franoeseo
1361 1429 1634 1488 Longhena‚
1667 1443 1692 1473 e
1721 1427 1773 1473 fu

151 1483 452 1540 primamente
473 1492 706 1546 stampato,
727 1487 804 1532 dal
824 1489 962 1532 Torri
981 1488 1103 1533 nella
1124 1502 1207 1533 sua
1230 1489 1436 1532 edizione
1458 1489 1531 1532 del
1554 1488 1683 1532 1843.

241 1615 255 1642 ¹
283 1615 363 1653 Due
395 1616 468 1652 soli
492 1616 696 1661 esemplari
731 1627 774 1653 se
796 1626 844 1653 ne
881 1625 1098 1653 conoscono
1122 1618 1208 1662 oggi
1245 1618 1282 1653 in
1311 1617 1442 1654 ltalia:
1480 1617 1594 1652 l'uno
1617 1615 1637 1652 e
1667 1617 1770 1652 nella

155 1669 397 1707 Trivulziaua
419 1671 459 1708 di
480 1670 635 1717 milano,
668 1672 791 1709 donde
816 1672 842 1708 il
868 1673 972 1708 Torri
999 1672 1085 1719 pote
1120 1676 1196 1709 trar
1220 1673 1256 1709 la
1279 1674 1387 1718 copia
1411 1682 1479 1718 per
1503 1673 1607 1708 farne
1641 1673 1675 1708 la
1700 1681 1770 1708 sua

0 1761 2 1764 ,
156 1724 353 1770 edizion03
378 1725 515 1762 l'altro
538 1725 559 1762 e
583 1726 684 1763 nella
710 1727 981 1764 Marucelliana
1005 1728 1043 1764 di
1067 1728 1251 1773 Firenze;
1278 1737 1338 1764 ma
1361 1731 1497 1774 questo
1522 1729 1684 1775 giacque
1700 1737 1768 1773 per

153 1781 252 1827 varii
285 1781 374 1818 unni
396 1783 588 1827 smarrito,
623 1782 720 1818 onde
745 1791 766 1817 a
803 1791 864 1818 me
888 1791 961 1817 non
998 1782 1037 1818 fu
1056 1782 1147 1818 dato
1181 1783 1462 1819 d'arricchirne
1488 1782 1524 1817 la
1548 1783 1623 1817 mia
1647 1784 1769 1827 prima

0 1803 22 1923 1
152 1835 326 1873 edizione
360 1837 461 1873 delle
485 1836 610 1883 Opere
648 1837 785 1874 minori
807 1837 846 1873 di
876 1836 1022 1874 Dante:
1049 1837 1087 1873 su
1120 1838 1247 1883 poscia
1271 1838 1458 1873 ritrovato
1483 1837 1631 1873 incluso
1653 1837 1691 1872 in
1716 1846 1767 1873 un

153 1890 309 1928 volume
331 1891 531 1930 d'autiche
554 1893 818 1930 miscellaneo.

4 1922 26 1981 ξ
218 1944 258 1972 '²
281 1946 325 1983 Di
361 1949 498 1993 questo
520 1948 688 1993 volume,
727 1949 824 1986 assai
848 1956 935 1985 raro
969 1948 1189 1995 anch'esso,
1211 1949 1328 1986 esiste
1363 1958 1411 1984 un
1438 1949 1653 1995 esemplare
1679 1947 1760 1985 nel·

153 2001 438 2041 l'Ambroslana
459 2005 501 2042 di
525 2005 678 2042 milano.

0 2908 14 3071 &vx-⁷⁷—

0 3143 13 3262 ι-ν-μ-ημ.
