2054 3262
260 172 344 218 430
679 178 904 220 QUAESTIO
937 179 997 213 DE
1030 178 1162 220 AQUA
1194 179 1257 216 ΕΤ
1291 179 1468 216 TERRA.

261 279 414 329 terrae,
445 277 498 318 ut
530 271 646 318 infra
677 272 878 329 patebit:
913 283 1020 328 ergo
1049 283 1144 317 non
1175 278 1244 318 est
1276 272 1440 329 gibbus
1474 272 1521 318 in
1551 286 1670 331 aqua
1686 287 1703 333 3
1737 287 1885 334 quum

259 347 383 391 Deus
415 351 461 390 et
493 351 659 391 natura
690 356 873 402 semper
902 343 1052 397 faciat,
1085 349 1132 389 et
1162 344 1276 391 velit
1324 344 1449 401 quod
1493 345 1658 392 melius
1703 353 1787 404 est,
1833 353 1887 394 ut

258 425 385 478 patet
417 431 499 477 per
529 418 851 475 Philosophum
883 419 936 463 de
973 419 1087 464 Coelo
1118 422 1158 464 et
1186 421 1371 472 Mundo,
1405 423 1451 463 et
1483 420 1688 465 secundo
1718 421 1772 466 de
1807 423 1886 467 Ge-

257 495 496 539 ner-atione
529 492 836 537 Animaliam.
871 489 943 536 Sic
974 490 1116 547 igitur
1144 495 1272 547 patet
1305 491 1360 536 de
1391 490 1539 548 primo
1570 491 1887 551 sufficienter;

258 564 492 621 videlicet,
525 564 649 622 quod
677 563 953 620 impossibile
985 568 1071 618 est,
1111 574 1278 620 aquam
1325 562 1372 607 in
1417 562 1566 620 aliqua
1612 568 1744 621 parte
1789 577 1889 611 suae

259 637 647 686 circumferentiae
680 649 778 683 esse
809 637 1035 692 altiorem,
1076 637 1160 682 hoc
1207 641 1276 682 est
1314 636 1612 682 remotiorem
1653 650 1679 684 a
1728 646 1890 685 centro

256 712 434 768 mundi,
465 723 605 768 quam
635 711 694 756 sit
725 709 992 767 superficies
1012 708 1148 765 hujus
1175 714 1312 754 terrae
1338 708 1619 755 habitabilis:
1643 710 1767 767 quod
1792 716 1890 757 erat

259 783 462 841 pritnum
491 783 540 827 in
573 783 731 828 ordine
764 782 1081 827 dicendorum

666 937 879 986 Concludit,
907 948 1046 985 aquam
1075 948 1157 974 esse
1184 937 1479 978 concentricam.

349 1078 373 1141 ξ
404 1078 511 1124 XIV.
545 1078 590 1124 Si
620 1090 727 1135 ergo
757 1076 1032 1135 impossibile
1065 1082 1134 1123 est
1166 1089 1330 1135 aquam
1365 1089 1466 1122 esse
1491 1077 1810 1124 excentricam
1834 1083 1891 1126 ut

258 1166 342 1211 per
372 1153 567 1211 primam
601 1151 794 1208 figuram
828 1151 1196 1196 demonstratum
1227 1155 1326 1207 est3
1363 1155 1410 1196 et
1453 1161 1550 1194 esse
1593 1162 1702 1196 cum
1738 1151 1891 1208 aliquo

259 1225 410 1282 gibbo,
443 1230 495 1270 ut
521 1237 603 1282 per
629 1224 879 1270 secundam
906 1228 974 1268 est
1001 1223 1393 1268 demonstratum:
1422 1233 1610 1268 necesse
1636 1227 1723 1278 est,
1747 1222 1891 1280 ipsam
1950 1231 1960 1240 ‘

258 1310 358 1344 esse
391 1298 737 1344 concentricam
768 1302 814 1342 et
858 1307 1114 1353 coaequam,
1158 1295 1244 1342 hoc
1285 1301 1354 1341 est
1398 1295 1638 1353 aequaliter
1678 1295 1729 1342 'in
1766 1297 1892 1342 omni

256 1378 388 1429 parte
420 1384 516 1417 suae
551 1369 945 1416 circumferentiae
987 1369 1233 1415 distantem
1264 1381 1289 1415 a
1323 1374 1483 1415 centro
1513 1369 1702 1416 mundi:
1740 1374 1792 1416 ut
1834 1369 1892 1416 de

257 1457 306 1491 se
339 1449 478 1502 patet.

804 1597 940 1648 Arguit
967 1603 1123 1647 contra3
1148 1603 1186 1635 et
1213 1600 1352 1647 primo.

350 1739 373 1803 §
399 1740 488 1786 XV.
515 1740 650 1785 Nunc
674 1751 817 1796 arguo
855 1738 945 1784 sic:
986 1737 1219 1795 Quidquid
1260 1738 1577 1795 supereminet
1615 1738 1751 1785 alicui
1776 1737 1895 1797 parti

262 1814 650 1862 circumferentiae
685 1813 897 1859 distantis
924 1812 1166 1870 aequaliter
1190 1825 1216 1859 a
1243 1818 1421 1870 centrO,
1462 1819 1531 1860 est
1571 1814 1796 1860 remotius
1835 1816 1894 1859 ab

261 1903 355 1948 apso
395 1895 573 1946 centr0,
618 1901 757 1946 quam
804 1887 954 1945 aliqua
1000 1899 1104 1945 pars
1153 1887 1292 1945 ipsius
1339 1888 1729 1935 circumferentiae
1741 1902 1756 1946 3
1805 1889 1893 1937 Sed

261 1963 409 2010 omnia
436 1963 591 2008 littora
618 1968 712 2008 tam
739 1961 880 2020 ipsius
905 1960 1211 2019 Amphitritis,
1252 1973 1392 2019 quam
1432 1962 1631 2008 marium
1673 1963 1893 2009 mediter-

260 2049 507 2084 raneorum
532 2036 880 2094 supereminent
907 2033 1169 2093 superficiei
1201 2034 1512 2091 contingentis
1535 2036 1690 2094 mariS,
1726 2041 1781 2083 ut
1816 2049 1894 2095 pa·

263 2117 328 2157 tet
353 2112 410 2157 ad
431 2112 644 2157 oculum:
677 2111 800 2167 Ergo
845 2108 994 2155 omnia
1034 2109 1188 2153 littora
1225 2113 1336 2154 sunt
1380 2109 1631 2155 remotiora
1666 2122 1693 2156 a
1729 2115 1892 2157 centro

259 2184 438 2242 mundi,
462 2197 609 2242 quum
635 2189 851 2229 centrum
876 2182 1038 2227 mundi
1062 2182 1120 2227 sit
1147 2187 1192 2227 et
1220 2187 1436 2228 centrum
1457 2182 1596 2228 maris
1627 2182 1701 2242 (ut
1737 2183 1894 2231 visum

261 2258 373 2318 est),
407 2264 453 2303 et
485 2256 753 2315 superficies
783 2255 1006 2301 littorales
1037 2255 1128 2317 sint
1155 2260 1307 2313 partes
1333 2255 1485 2302 totalis
1510 2256 1772 2315 superficiei
1800 2271 1893 2305 ma-

261 2330 337 2377 ris,
365 2330 423 2375 Et
449 2341 594 2387 quum
620 2340 755 2373 omne
780 2326 1005 2373 remotius
1029 2339 1054 2371 a
1082 2332 1242 2372 centro
1267 2328 1428 2374 mundi
1454 2328 1513 2375 sit
1538 2329 1689 2388 altiUS,
1728 2343 1888 2378 conse-

261 2414 411 2460 quens
437 2406 505 2446 est
531 2400 655 2458 quod
680 2399 833 2444 littora
859 2398 1010 2444 omnia
1031 2398 1123 2444 sint
1143 2400 1535 2457 supereminentia
1560 2407 1657 2449 toto
1678 2404 1819 2461 mari,·
1842 2409 1890 2451 et

261 2476 298 2521 si
320 2475 489 2531 littora,
516 2472 663 2518 multo
684 2472 828 2530 magis
851 2471 950 2518 aliae
978 2471 1187 2528 regiones
1226 2476 1383 2529 terrae,
1427 2485 1572 2531 quum
1613 2474 1767 2522 littora
1800 2476 1891 2523 sint

261 2548 499 2597 inferiores
523 2552 679 2606 partes
706 2551 849 2591 terrae
855 2557 871 2602 ;
898 2550 945 2590 et
970 2544 1016 2589 id
1041 2543 1231 2590 flumina
1256 2545 1313 2603 ad
1337 2546 1412 2593 illa
1437 2547 1764 2595 descendentia
1795 2562 1891 2597 ma-

263 2622 493 2668 nifestant.
518 2619 655 2678 Major
689 2631 801 2667 vero
839 2618 976 2676 hujus
1019 2618 1420 2666 demonstrationis
1461 2620 1804 2668 demonstratur
1842 2623 1891 2669 in

267 2695 623 2742 theorematibus
646 2692 935 2754 geometricis
948 2706 965 2751 3
993 2698 1040 2740 et
1063 2693 1392 2740 demonstratio
1412 2698 1481 2742 est
1505 2695 1754 2753 ostensiva,
1780 2696 1889 2743 licet
