2054 3262
282 165 369 210 242
877 176 1022 213 LlssssR
1055 177 1318 214 SECUNDUS,

281 278 387 323 pars
417 265 576 323 altera,
608 272 819 314 extrema
859 268 1207 327 endecasyllaba
1250 274 1298 315 ct
1333 268 1539 315 medium
1579 270 1915 330 eptasyllabum

281 338 469 384 habeat:
512 352 605 385 non
645 341 778 387 aliter
812 341 1109 399 ingeminatio
1152 349 1318 390 cantus
1355 343 1456 390 fieri
1486 350 1654 402 posset,
1686 345 1744 391 ad
1773 358 1915 405 quam

279 412 421 471 pedes
451 412 587 471 fiunt,
620 420 674 461 ut
705 416 884 463 dictum
909 422 978 463 est
990 431 1005 474 ;
1038 423 1084 463 et
1110 429 1194 475 per
1219 428 1508 475 consequens
1531 417 1673 475 pedes
1698 429 1797 464 esse
1819 431 1915 465 non

280 492 482 543 possent.
507 487 565 533 Et
588 488 979 546 quemadmodum
998 489 1053 534 de
1071 489 1264 546 pedihus
1290 488 1499 546 dicimus,
1521 494 1568 536 et
1594 490 1650 536 (16
1674 491 1891 539 versibus
1897 507 1914 550 3

280 558 330 605 in
360 560 487 606 nullo
519 562 644 607 enim
673 563 814 620 pedes
844 569 891 609 et
921 576 1087 611 versus
1118 562 1302 609 differre
1333 563 1547 611 videmus
1577 563 1662 610 nisi
1710 565 1760 612 in
1803 567 1911 624 sim,

280 632 388 691 quia
420 633 482 678 illi
513 642 639 690 ante.
669 635 715 680 hi
745 642 846 694 post
881 637 1094 683 dicresim
1124 636 1308 683 stantiae
1339 637 1654 684 nominantur.
1687 637 1749 684 Et
1774 640 1911 686 etiam

281 708 672 765 quemadmodum
703 711 760 756 de
793 711 1004 757 trimetro
1036 712 1168 769 pede,
1202 717 1248 758 et
1282 711 1338 757 de
1369 711 1583 758 omnibus
1606 712 1705 759 aliis
1728 725 1914 761 servan-

281 780 394 827 dum
425 794 523 827 esse
554 783 814 829 asserimus,
847 784 907 830 Et
939 784 1060 830 sicut
1092 785 1148 829 de
1181 796 1276 830 uno
1307 784 1604 842 eptasyllabO,
1631 784 1698 831 sic
1722 785 1778 830 (16
1804 785 1912 831 duo·

280 853 383 912 hus,
416 859 463 900 et
495 855 551 900 de
582 856 791 912 pluribus
823 861 869 902 et
901 856 956 902 de
988 855 1320 915 pentasyllabo,
1353 861 1400 902 et
1431 857 1556 902 omni
1586 857 1672 903 alio
1703 857 1909 906 dicimus,

947 1251 1114 1299 CAPUT
1146 1253 1253 1301 XIII.

374 1403 428 1441 De
457 1402 644 1440 relatione
673 1402 936 1452 rithimorum‚
962 1408 1000 1440 et
1026 1415 1103 1454 quo
1130 1404 1266 1442 ordine
1293 1404 1460 1455 ponendi
1487 1410 1578 1444 sunt
1605 1405 1644 1443 in
1672 1406 1826 1444 stantia.

369 1514 683 1563 Rithimorum
713 1529 900 1576 quoque
924 1517 1136 1564 relationi
1160 1530 1396 1575 vacemUS,
1423 1518 1533 1564 nihil
1558 1518 1614 1564 de
1637 1518 1825 1564 rithimo
1849 1530 1921 1563 se*-

282 1590 490 1636 cundum
521 1604 568 1637 se
591 1592 727 1638 modo
752 1598 1033 1639 tractantes:
1060 1591 1298 1651 proprium
1326 1592 1449 1638 enim
1473 1603 1636 1638 eorum
1667 1597 1921 1638 tractatum

282 1663 331 1709 in
361 1670 602 1722 posterum
631 1677 948 1724 prorogamus,
980 1677 1091 1712 cum
1122 1666 1178 1711 (16
1209 1665 1432 1712 mediocri
1461 1670 1675 1724 poemate
1707 1664 1920 1711 intende-

279 1749 399 1784 mus,
431 1738 483 1784 In
514 1739 742 1797 principio
772 1739 909 1798 huJ‘us
940 1739 1130 1798 capituli
1155 1739 1370 1797 quaedam
1394 1739 1642 1786 reseranda
1665 1738 1892 1787 videntur
1901 1752 1918 1802 3

282 1823 431 1857 unum
462 1817 531 1858 est
562 1813 730 1859 stantia
761 1813 862 1860 sive
892 1812 1121 1871 rithimUS,
1153 1813 1201 1858 in
1233 1825 1324 1871 qua
1354 1812 1479 1859 nulla
1515 1812 1813 1859 rithimorum
1842 1812 1920 1858 ha-

280 1884 444 1931 bitudo
473 1886 748 1944 attenditur,
778 1892 825 1933 et
850 1886 1112 1944 hujusmodi
1136 1886 1316 1933 stantils
1343 1898 1455 1933 usus
1479 1891 1549 1933 est
1573 1885 1806 1933 Arnaldus
1829 1886 1918 1932 Da-

280 1958 412 2005 nielis
442 1958 832 2018 frequentissime,
865 1961 997 2008 velut
1028 1961 1115 2007 ihi:

543 2069 559 2084 α
586 2052 626 2090 Si
654 2064 691 2090 m
720 2052 778 2090 sos
804 2051 952 2102 Amors,
978 2052 1025 2091 de
1049 2053 1104 2102 joi
1132 2053 1350 2092 donar-tan
1380 2052 1501 2105 largn.
1522 2069 1534 2078 ·
1557 2070 1575 2086 ο

282 2146 343 2193 Et
373 2158 459 2193 nos
490 2146 715 2193 diximus:

549 2255 566 2271 ιι
593 2238 634 2275 ΑΙ
663 2249 759 2287 poco
787 2236 940 2288 giorno,
965 2235 1013 2275 ed
1041 2236 1075 2274 al
1106 2247 1202 2287 gran
1230 2236 1383 2275 cerchio
1410 2235 1612 2275 d’ombn.

281 2333 420 2380 Aliud
448 2338 520 2380 est
548 2332 734 2390 stantia,
761 2332 894 2390 cujus
919 2332 1071 2378 omnia
1100 2330 1303 2378 carmina
1328 2330 1531 2377 eundem
1553 2329 1794 2377 rithimum
1816 2327 1922 2375 red-

271 2411 420 2467 dunt,
450 2410 499 2455 in
529 2422 620 2468 qua
650 2408 943 2467 superfluum
983 2419 1080 2454 6556
1123 2411 1304 2453 constat
1336 2405 1657 2451 habitudinem
1687 2414 1915 2461 quaerere.

284 2484 359 2530 Sic
379 2483 573 2541 proinde
593 2488 737 2529 restat
761 2482 883 2528 circa
906 2481 1118 2528 rithimos
1141 2481 1315 2526 mixtos
1339 2484 1527 2525 tantum
1551 2476 1720 2523 debere
1743 2474 1892 2521 insisti
1901 2486 1919 2532 ;

282 2562 330 2603 et
352 2556 502 2615 primo
522 2555 766 2602 sciendum
791 2560 877 2612 est,
903 2555 1030 2613 quod
1052 2553 1101 2599 in
1127 2553 1214 2599 hoc
1238 2551 1562 2610 amplissimam
1580 2549 1666 2596 sihi
1685 2549 1921 2596 licentiam

284 2633 379 2678 fere
411 2641 570 2678 omnes
599 2635 868 2688 assumunt3
901 2635 949 2676 et
981 2642 1041 2675 ex
1064 2630 1153 2675 hoc
1177 2628 1378 2675 maxime
1404 2627 1548 2674 totius
1572 2624 1792 2672 armoniae
1819 2622 1920 2669 dul-

284 2706 399 2753 cedo
428 2704 706 2751 intenditur.
736 2703 855 2749 Sunt
881 2702 1055 2749 etenim
1078 2701 1282 2760 quidam,
1305 2700 1385 2759 qui
1408 2711 1503 2745 non
1527 2709 1690 2744 omnes
1713 2694 1921 2754 quando-

278 2793 376 2840 -que
408 2779 687 2826 desinentias
718 2777 978 2825 carminum
1007 2776 1309 2823 rithimantur
1342 2773 1391 2820 in
1421 2773 1581 2820 eadem
1621 2769 1805 2827 stantia,
1837 2768 1919 2814 sed

320 2922 341 2954 ⁸
367 2923 412 2960 Se
443 2932 568 2959 amore
596 2922 650 2958 mn·
670 2921 764 2968 fosse
798 2923 898 2959 tanto
914 2919 1016 2966 lav-90
1031 2919 1069 2955 «ii
1091 2919 1209 2955 donar
1223 2918 1334 2965 yioia.
