2028 3256
259 219 343 266 434
646 223 866 267 QUAEsrro
896 224 955 259 nr:
989 222 1118 266 AQUA
1147 223 1209 258 ΕΤ
1241 223 1421 260 TERRA.

261 319 430 365 tissime
462 317 645 375 attingit
675 315 813 362 finem
823 329 839 373 3
868 329 975 362 nam
1005 329 1088 374 per
1112 317 1197 362 hoc
1220 315 1449 374 potissima
1477 321 1563 372 est,
1603 316 1726 374 quod
1750 317 1870 365 citis·

261 393 371 438 sima
400 396 484 445 est,
515 389 639 446 quod
670 388 882 435 citissime
918 401 970 434 ac
1005 388 1214 436 facillime
1254 387 1392 433 finem
1434 388 1651 445 consequi
1689 394 1839 446 potest
1851 402 1869 446 ;

260 465 494 512 potissima
527 463 679 509 virtus
702 462 939 519 gravitatis
984 468 1053 507 est
1094 462 1143 507 in
1182 473 1371 518 corpore
1411 461 1641 518 potissime
1681 467 1869 519 petente

258 543 490 592 centrum,
514 534 636 592 quod
661 533 844 592 quidem
870 538 938 579 est
964 539 1114 579 terra:
1147 533 1266 589 Ergo
1297 533 1391 590 ipsa
1422 531 1654 589 potissime
1685 531 1871 588 attingit

259 608 396 654 finem
422 605 672 665 gravitatis,
701 604 780 664 qui
801 612 869 651 est
896 612 1110 651 centrum
1134 605 1295 650 mundi
1310 618 1326 661 3
1349 615 1457 660 ergo
1480 603 1705 649 substabit
1729 604 1870 648 omni-

260 682 343 726 bus
370 679 651 737 corporibus,
677 679 711 723 si
738 678 968 735 potissime
989 677 1104 734 petit
1131 683 1368 723 centrum:
1398 675 1522 733 quod
1543 681 1642 721 erat
1666 677 1871 722 secundo

258 753 597 800 declarandum.
626 752 697 798 Sic
722 751 862 808 igitur
885 757 1072 808 apparet
1101 762 1196 795 esse
1223 749 1512 806 impossibile,
1531 749 1655 807 quod
1674 760 1791 806 aqua
1810 749 1873 795 sit

259 826 550 871 concentrica
579 831 714 870 terrae
727 838 741 881 3
769 824 892 882 quod
909 830 976 869 est
1003 828 1162 869 contra
1187 822 1504 868 determinata.

614 1070 784 1107 Solvitur
810 1069 907 1106 ratio
935 1068 1153 1117 praecedens
1179 1079 1249 1117 per
1278 1066 1508 1107 instantiam.

342 1187 367 1249 ξ
399 1189 524 1235 XVII.
554 1188 644 1234 Sed
668 1189 752 1235 ista
776 1188 893 1236 ratio
917 1201 1010 1234 non
1034 1188 1222 1235 videtur
1245 1188 1575 1244 demonstrare,
1620 1187 1727 1246 quia
1770 1199 1875 1247 pro·
1903 1243 1912 1251 x

254 1262 416 1320 positio
438 1261 618 1319 majoriS
643 1261 905 1319 principalis
930 1260 1137 1306 similiter
1154 1272 1247 1305 non
1271 1260 1459 1305 videtur
1477 1260 1645 1305 habere
1670 1259 1871 1305 necessi-

256 1341 412 1380 tatem.
442 1335 691 1380 Dicebatur
715 1334 854 1390 enim,
886 1333 1207 1390 gravissimum
1246 1344 1412 1390 corpus
1459 1333 1699 1390 aequaliter
1734 1333 1870 1379 undi-

255 1419 345 1464 que
370 1420 423 1452 ac
445 1406 677 1464 potissime
702 1411 861 1462 petere
886 1410 1099 1451 centrum
1116 1418 1131 1460 3
1158 1405 1280 1462 quod
1299 1418 1392 1450 non
1428 1404 1619 1450 videtur
1653 1416 1751 1450 esse
1789 1417 1869 1450 ne-

257 1479 528 1524 cessarium:
556 1478 662 1535 quia
686 1478 794 1522 licet
821 1482 943 1523 terra
964 1476 1022 1521 sit
1038 1476 1355 1532 gravissimum
1374 1486 1540 1532 corpus
1556 1481 1873 1532 comparatum

253 1552 310 1599 ad
333 1551 417 1596 alia
448 1562 637 1607 corpora
648 1562 663 1606 3
687 1555 1002 1606 comparatum
1030 1554 1182 1593 tamen
1205 1548 1253 1592 in
1273 1560 1338 1603 se,
1361 1547 1534 1593 scilicet
1558 1547 1605 1592 in
1634 1560 1740 1593 suas
1769 1560 1877 1605 par-

255 1630 338 1680 teS,
371 1630 521 1682 potest
554 1635 650 1669 esse
682 1623 1001 1680 gravissimum
1027 1627 1073 1667 et
1099 1634 1191 1666 non
1215 1621 1560 1678 gravissimum3
1590 1621 1696 1678 quia
1716 1628 1874 1678 posset-

254 1708 350 1741 esse
376 1695 559 1753 gravior
586 1701 711 1741 terra
743 1706 803 1740 ex
836 1706 927 1740 una
966 1699 1098 1752 parte
1138 1704 1277 1749 quam
1307 1704 1368 1738 ex
1394 1693 1548 1739 altera.
1579 1693 1693 1740 Nam
1726 1706 1875 1751 quum

253 1769 510 1826 adaequatio
543 1768 747 1826 corporis
776 1767 929 1825 gravis
958 1779 1050 1812 non
1082 1765 1159 1811 fiat
1193 1777 1276 1823 per
1305 1765 1626 1823 quantitatem,
1651 1765 1700 1811 in
1725 1778 1874 1823 quan-

255 1844 354 1885 tum
381 1840 628 1896 quantitaS,
654 1840 733 1884 sed
752 1851 835 1896 per
859 1840 1038 1896 pondus
1049 1852 1064 1895 3
1085 1840 1255 1897 poterit
1279 1838 1340 1883 ibi
1362 1849 1458 1883 esse
1480 1838 1735 1895 adaequatio
1759 1851 1874 1896 pon-

254 1911 388 1967 deriS‚
423 1913 547 1969 quod
575 1924 669 1957 non
699 1912 759 1957 sit
790 1911 851 1957 ibi
880 1911 1136 1968 adaequatio
1168 1909 1461 1967 quantitatis3
1492 1914 1542 1956 et
1570 1909 1638 1956 sic
1677 1909 1750 1956 illa
1791 1910 1874 1956 de·

254 1983 523 2028 monstratio
555 1988 624 2029 est
655 1976 896 2041 apparenS,
926 1989 974 2029 et
1003 1996 1098 2029 non
1129 1984 1349 2030 existens·

861 2151 1031 2190 Solvitur
1061 2152 1253 2192 instantia.

339 2270 363 2334 ,ξ
394 2273 539 2319 XVIII.
589 2274 677 2320 Sed
716 2273 816 2320 talis
860 2274 1074 2320 instantia
1115 2276 1238 2321 nulla
1275 2281 1360 2333 est,
1400 2275 1609 2335 procedit
1650 2278 1773 2324 enim
1811 2288 1875 2322 ex

252 2345 506 2402 ignorantia
526 2354 707 2394 naturae
729 2350 1114 2406 homogeneorum
1141 2356 1187 2396 et
1213 2351 1508 2408 simplicium:
1537 2364 1726 2410 corpora
1748 2351 1874 2396 enim

252 2419 530 2477 homogenea
560 2426 605 2467 et
637 2420 855 2479 simplicia
887 2428 1025 2479 sunt3
1055 2423 1348 2481 homogenea,
1388 2431 1443 2471 ut
1482 2437 1647 2472 aurum
1679 2426 1876 2482 depura-

255 2496 381 2548 tum3
415 2498 460 2538 et
492 2505 684 2551 corpora
715 2493 949 2551 simplicia,
986 2500 1040 2540 ut
1076 2495 1192 2552 ignis
1236 2502 1284 2542 et
1326 2501 1466 2553 terra,
1509 2496 1781 2554 regulariter
1824 2497 1872 2540 in

254 2564 347 2611 suis
380 2566 586 2623 partibus
617 2567 944 2625 qualificantur
977 2568 1100 2612 omni
1131 2568 1326 2614 naturali
1358 2569 1591 2625 passione..
1611 2568 1739 2613 Unde
1765 2578 1874 2613 cum

253 2642 378 2682 terra
409 2637 467 2682 sit
499 2649 667 2694 corpus
698 2637 895 2695 simplex
925 2638 1199 2695 regulariter
1228 2639 1276 2685 in
1305 2639 1399 2684 suis
1437 2638 1660 2697 partibuS,
1699 2637 1874 2696 qualifi-

253 2713 387 2753 catur
417 2708 690 2754 naturaliter
720 2714 766 2755 et
797 2721 880 2767 per
910 2722 974 2767 se,
1000 2711 1066 2756 sic
1092 2711 1350 2768 loquendo:
1376 2723 1518 2769 quare
1541 2722 1649 2757 cum
1672 2711 1877 2768 gravitas

251 2780 359 2826 insit
391 2781 667 2828 naturaliter
697 2787 852 2838 terrae,
883 2788 930 2828 et
962 2789 1086 2829 terra
1115 2784 1173 2829 sit
1205 2795 1372 2841 corpus
1415 2783 1637 2842 simplex;
1684 2796 1871 2830 necesse

251 2859 320 2899 est
352 2854 494 2912 ipsam
524 2854 573 2900 in
604 2855 814 2902 omnibus
844 2855 1050 2914 partibus
1080 2857 1174 2903 suis
1203 2858 1459 2914 regularem
1488 2858 1656 2905 habere
1680 2858 1874 2915 gravita-

251 2932 364 2984 temss
395 2927 657 2974 secundum
685 2929 1026 2988 proportionem
1057 2929 1355 2989 quantitatis:
1387 2935 1436 2978 et
1479 2929 1548 2977 sic
1591 2930 1711 2989 perit
1756 2930 1874 2978 ratio
