2054 3262
291 167 376 212 294
915 174 1060 210 mmm
1090 174 1285 212 ramus,

291 276 358 316 est
385 268 675 326 impossibile,
693 280 800 314 cum
822 268 944 320 Deus
967 275 1014 316 et
1033 269 1205 316 Natura
1230 271 1277 316 in
1302 271 1571 319 necessariis
1595 285 1688 320 non
1709 273 1906 324 deficiat.

289 342 414 389 Inter
444 354 602 387 omnes
636 342 749 387 duos
784 341 1026 400 principeS,
1065 355 1263 400 quorum
1303 345 1419 390 alter
1453 346 1584 392 alteri
1617 346 1804 394 minime
1833 360 1909 395 su-

290 416 468 473 bjectus
494 420 577 470 est,
603 420 753 472 potest
779 426 877 460 esse
902 415 1109 472 litigium,
1136 407 1212 463 vel
1237 418 1369 475 culpa
1400 418 1605 475 ipsorum
1642 419 1718 467 vel
1755 421 1910 467 subdi-

290 494 446 533 torum
461 500 476 543 ,-
510 487 632 544 quod
656 482 723 542 ,(16
752 498 800 531 36
831 492 957 544 patet
972 501 986 544 3
1014 501 1120 545 ergo
1156 490 1276 535 inter
1312 490 1425 536 tales
1455 492 1637 548 oportet
1672 503 1770 538 esse
1789 492 1909 550 judi-

292 561 428 605 cium.
461 560 519 605 Et
555 571 663 607 cum
696 560 812 606 alter
840 561 894 607 (16
925 561 1068 607 altero
1106 574 1380 618 cognoscere
1416 575 1510 610 non
1543 565 1699 623 possit,
1726 578 1786 612 ex
1815 578 1908 624 quo

292 634 408 679 alter
433 634 564 679 alteri
590 646 682 678 non
707 633 921 679 subditur
947 633 1074 692 (nam
1107 647 1187 691 par
1218 635 1264 679 in
1298 648 1455 692 parem
1486 648 1580 682 non
1608 637 1745 684 habet
1769 639 1909 697 impe-

290 706 434 766 rium)
451 721 465 764 3
492 712 674 764 oportet
695 717 798 752 esse
817 707 1007 752 tertium
1023 706 1352 763 jurisdictionis
1368 709 1612 769 amplioriS‚
1635 712 1714 769 qui
1734 713 1910 759 ambitu

288 782 359 827 sui
379 780 497 838 juris
521 782 741 827 ambobus
766 781 1068 838 principetur.
1102 782 1161 826 Et
1186 782 1260 827 hic
1286 782 1372 828 erit
1400 784 1659 843 monarcha,
1691 790 1772 831 aut
1802 798 1910 831 non.

294 856 338 901 Si
363 857 447 911 sic,
474 857 667 901 habetur
696 855 1010 913 propositum:
1053 856 1089 901 si
1125 869 1233 913 non,
1265 857 1436 902 iterum
1465 858 1648 905 habebit
1678 858 1764 905 sibi
1797 871 1911 906 6016-

290 930 472 988 qualem
503 935 635 974 extra
665 930 889 974 ambitum
913 942 1008 975 suae
1036 929 1394 987 jurisdictionis:
1423 937 1538 978 tunc
1558 932 1729 979 iterum
1753 945 1910 980 neces-
1988 927 1991 929 ’

291 1003 436 1049 sarius
467 1002 553 1047 erit
583 1002 748 1046 tertius
769 1001 895 1046 alius.
924 1001 982 1046 Et
1007 1001 1073 1046 sic
1097 1007 1178 1047 aut
1204 1003 1290 1048 erit
1316 1015 1558 1060 processus
1582 1003 1631 1050 in
1654 1003 1909 1062 infinitum,

292 1077 415 1134 quod
446 1087 543 1120 esse
568 1088 661 1120 non
691 1079 842 1131 potest
857 1087 872 1130 3
905 1079 985 1119 aut
1017 1075 1244 1131 oportebit
1276 1076 1494 1122 devenire
1519 1077 1575 1122 ad
1594 1075 1798 1134 Judicem
1819 1077 1911 1135 pri-

291 1162 420 1195 mum
452 1155 498 1194 et
527 1160 778 1204 summum,
811 1148 866 1193 (16
899 1147 1028 1204 cujus
1054 1147 1225 1205 judicio
1247 1154 1416 1194 cuncta
1441 1149 1582 1207 litigia
1612 1149 1910 1207 diramantur‚
1936 1197 1940 1209 ,

289 1222 388 1266 sive
417 1221 615 1266 mediate
640 1220 738 1265 sive
760 1219 1020 1264 immediate
1037 1233 1052 1276 3
1084 1224 1130 1264 et
1155 1219 1228 1265 hic
1253 1220 1341 1266 erit
1364 1222 1626 1279 monarcha,
1651 1223 1750 1270 sive
1773 1223 1914 1282 impe-

290 1300 429 1340 rator.
464 1295 545 1339 Est
576 1294 716 1350 igitur
745 1292 1006 1338 monarchia
1030 1292 1285 1339 necessaria
1309 1295 1498 1340 mundo.
1534 1295 1594 1341 Et
1626 1297 1744 1343 hanc
1777 1298 1912 1343 ratio-

290 1380 400 1412 nem
440 1368 627 1414 videbat
659 1366 969 1422 PhilosophuS,
1013 1378 1120 1412 cum
1157 1367 1364 1413 dicebat:
1407 1359 1549 1415 Entia
1591 1371 1754 1415 nolunt
1790 1371 1912 1416 male

290 1441 471 1495 disponi
486 1454 508 1494 ;
548 1441 723 1486 malum
762 1444 913 1485 autem
940 1439 1199 1496 pluralitas
1229 1441 1580 1497 principatuum
1593 1454 1617 1495 ;
1647 1454 1766 1487 unus
1805 1454 1912 1500 erqo

295 1516 523 1570 princeps,
943 1544 947 1548 -

382 1583 405 1646 ξ
433 1586 538 1630 ΧΙΙΙ.
567 1586 816 1641 Praeterea,
841 1584 1044 1630 mundus
1070 1585 1241 1642 optime
1273 1585 1518 1642 dispositus
1548 1591 1619 1632 est
1650 1599 1759 1633 cum
1783 1587 1915 1645 justi-

292 1656 352 1701 tia
384 1656 430 1700 in
462 1668 516 1701 eo
551 1656 785 1713 potissima
825 1662 924 1713 6313
973 1656 1098 1702 1111(16
1142 1657 1356 1714 Virgilius
1396 1659 1718 1705 commendare
1753 1660 1915 1707 volens

292 1731 404 1776 illud
435 1731 675 1786 saeculum,
707 1731 830 1788 quod
860 1743 944 1778 suo
984 1737 1191 1789 tempore
1221 1745 1412 1790 surgere
1448 1732 1712 1791 videbatur,
1742 1734 1790 1780 in
1820 1735 1915 1780 suis

291 1805 528 1850 Bucolicis
558 1804 799 1849 cantabat:
833 1805 939 1849 Jam
965 1805 1085 1850 redit
1117 1807 1157 1850 et
1191 1805 1341 1863 Virqo,
1374 1805 1563 1851 redeunt
1592 1806 1814 1854 Saturnia
1843 1821 1913 1854 re-

291 1889 396 1934 gma.
427 1875 563 1932 Virgo
584 1888 832 1933 namquam
857 1877 1114 1922 vocabatur
1138 1877 1164 1922 J
1168 1876 1338 1933 ustitia,
1364 1889 1502 1934 quam
1526 1883 1573 1924 et
1587 1877 1814 1925 Astraeam
1837 1893 1916 1927 vo-

290 1949 471 1994 cabant.
507 1949 719 1993 Saturnia
749 1961 889 2005 regna
931 1949 1202 1994 dicebantur
1242 1939 1433 2006 optima
1456 1955 1677 2007 tempora,
1717 1962 1823 2009 quae
1867 1957 1915 1997 et

289 2034 429 2066 aurea
469 2021 814 2078 nuncupabant.
857 2019 1043 2065 Justitia
1074 2020 1306 2077 potissima
1337 2026 1406 2067 est
1435 2021 1582 2067 solum
1617 2023 1703 2068 sub
1733 2034 1913 2069 monar-

290 2097 388 2142 cha.
415 2095 536 2151 Ergo
560 2095 619 2140 ad
642 2094 860 2151 optimam
884 2093 1046 2138 mundi
1072 2093 1413 2150 dispositionem
1432 2094 1689 2151 requiritur
1706 2107 1804 2141 6336
1820 2107 1916 2141 mo-

288 2168 540 2223 narchiam,
573 2167 672 2213 sive
703 2165 960 2222 imperium.
988 2165 1057 2209 Ad
1082 2164 1365 2211 evidentiam
1395 2165 1729 2223 subassumptae
1754 2178 1918 2224 propo-
1949 2183 1951 2186 ⁴

289 2241 469 2287 sitionis
507 2241 762 2295 sciendum,
806 2239 929 2297 quod
965 2238 1156 2295 justitia,
1194 2238 1250 2283 de
1280 2250 1329 2284 se
1360 2243 1407 2284 et
1443 2239 1491 2284 in
1527 2239 1710 2296 propria
1749 2245 1916 2286 natura

289 2315 594 2370 considerata,
626 2319 696 2359 est
726 2313 939 2370 quaedam
969 2312 1202 2358 rectitudo
1226 2313 1324 2359 sive
1349 2311 1524 2370 regula,
1550 2312 1788 2371 obliquum
1810 2314 1917 2360 hinc

288 2389 397 2434 inde
426 2387 699 2444 abjiciensz¹
732 2391 778 2432 et
809 2386 875 2431 sic
905 2398 1000 2431 non
1028 2386 1194 2443 recipit
1225 2385 1372 2443 maJus
1402 2391 1449 2431 et
1483 2386 1649 2442 111111113,
1685 2388 1918 2444 quaemad-

292 2462 481 2508 modum
512 2460 671 2505 albedo
695 2459 744 2502 in
772 2470 856 2502 suo
881 2458 1112 2503 abstracto
1138 2457 1453 2503 considerata:
1479 2463 1590 2503 sunt
1614 2459 1739 2504 enim
1761 2458 1918 2514 hujus-

290 2537 414 2582 modi
445 2537 605 2581 formae
636 2533 849 2591 quaedam
881 2532 1196 2590 compositioni
1228 2532 1549 2589 contingentes
1579 2536 1627 2578 et
1667 2531 1917 2578 consisten-

291 2614 364 2654 tes
393 2606 586 2665 simplici
617 2610 664 2651 et
695 2603 953 2661 invariabili
984 2604 1195 2660 essentia,
1226 2610 1280 2650 ut
1311 2604 1529 2661 magister
1558 2615 1641 2650 sex
1671 2603 1917 2663 principio-

290 2691 398 2725 rum
415 2684 543 2724 recte
559 2677 635 2723 ait.
653 2676 900 2733 Recipiunt
922 2681 1078 2722 tamen
1101 2677 1244 2732 magis
1268 2682 1315 2721 et
1339 2676 1493 2722 minus
1517 2674 1653 2733 hujus
1684 2677 1916 2734 qualitatis

293 2763 353 2797 ex
382 2756 512 2807 parte
542 2749 870 2806 subjectorum,
903 2748 1071 2806 quibus
1103 2754 1469 2804 concernuntur,
1501 2749 1758 2794 secundum
1793 2750 1916 2807 quod
1957 2790 1960 2793 Α

329 2866 344 2891 1
370 2865 576 2901 Considera
603 2864 637 2899 la
661 2866 839 2909 giustizia
862 2875 934 2901 non
953 2875 1060 2901 come
1140 2867 1188 2900 do
1211 2868 1336 2901 stesso
1358 2865 1459 2902 cbei
1482 2866 1762 2913 giureconsulti
1777 2866 1923 2904 romani

278 2917 562 2962 speculazione,
582 2925 642 2951 ma
658 2925 766 2952 come
783 2916 899 2961 abito,
923 2916 959 2952 al
984 2925 1061 2952 mo·
1143 2917 1180 2953 la
1202 2917 1424 2954 definirono.
