2054 3262
210 155 295 200 152)
837 165 980 202 LIBER
1008 165 1206 203 PRIMUS.

896 368 1063 415 CAPUT
1095 369 1149 416 V.-

594 517 679 562 Ubi,
712 523 749 554 et
776 518 837 554 cui
867 518 1039 566 primum
1068 518 1182 556 homo
1212 518 1362 555 locutus
1390 517 1452 555 sit.

294 628 546 687 Opinantes
584 632 741 672 autem
778 625 893 684 (non
932 625 1030 672 sine
1070 626 1248 673 ratione
1289 633 1383 673 tam
1414 639 1474 673 ex
1507 625 1835 684 superioribusn

208 715 349 763 quam
382 701 674 749 inferioribus
698 700 918 760 sumpta),
945 701 1002 745 ad
1026 700 1176 758 ipsum
1205 701 1353 746 Deum
1383 700 1598 759 primitus
1635 699 1836 758 primum

205 776 436 823 hominem
461 776 681 821 direxisse
705 775 1003 831 locutIOnem,
1026 773 1357 820 rationabiliter
1382 773 1577 820 dicimus
1599 773 1752 832 ipsum
1773 771 1838 826 lo-

205 856 428 908 quentem
453 851 671 908 primum,
697 862 822 906 mox,
849 855 1095 907 postquam
1119 847 1301 894 afflatus
1327 853 1395 893 est
1419 848 1476 893 ab
1492 847 1723 893 animante
1746 846 1840 893 vir-

206 930 325 981 tute,
352 925 681 971 incunctanter
710 925 849 971 fuisse
874 925 1113 971 locutum:
1146 936 1253 968 nam
1285 923 1334 968 in
1359 922 1543 968 homine
1567 922 1729 968 sentiri
1758 921 1840 967 hu-

206 999 384 1044 manius
411 999 657 1056 credimus,
681 1012 820 1058 quam
845 999 1033 1055 sentire,
1062 997 1310 1043 dummodo
1336 997 1581 1052 sentiatur,
1603 1001 1650 1040 et
1671 995 1839 1041 sentiat

209 1077 442 1130 tamquam
461 1073 611 1118 homo,
638 1073 682 1119 Si
704 1085 813 1130 ergo
837 1072 965 1118 faber
982 1072 1070 1128 ille,
1088 1078 1228 1129 atque
1250 1070 1546 1129 perfectionis
1561 1069 1840 1128 principium

205 1151 252 1191 et
277 1152 474 1202 amator,
509 1145 722 1203 afflando,
762 1145 963 1203 primum
996 1144 1230 1190 hominem
1261 1142 1385 1188 omni
1409 1142 1691 1201 perfectione
1717 1155 1839 1190 com-

203 1219 364 1276 plevit,
390 1219 658 1264 rationabile
678 1219 808 1264 nobis
838 1223 1044 1276 apparet,
1071 1217 1403 1263 nobilissimum
1425 1216 1591 1262 animal
1614 1229 1708 1263 non
1729 1222 1839 1263 ante

203 1292 375 1338 sentire
399 1305 537 1351 quam
562 1292 725 1338 sentiri
752 1292 956 1350 coepisse.
987 1291 1032 1337 Si
1058 1292 1162 1350 quis
1192 1303 1306 1338 vero
1330 1291 1505 1337 fatetur
1536 1296 1699 1337 contra
1730 1290 1839 1348 obji-

205 1366 345 1422 cienS,
372 1366 498 1424 quod
522 1378 614 1411 non
639 1367 881 1424 oportebat
912 1365 1042 1410 illum
1067 1364 1208 1422 loqui,
1237 1376 1345 1411 cum
1370 1359 1674 1411 solusadhuc
1702 1363 1840 1410 homo

205 1440 445 1495 existeret,
471 1443 519 1484 et
550 1439 674 1484 Deus
705 1437 856 1483 omnia
887 1437 985 1484 sine
1015 1437 1171 1484 verbis
1207 1450 1375 1483 arcana
1405 1443 1560 1483 nostra
1591 1437 1839 1494 discernat,

203 1512 342 1558 etiam
393 1517 500 1558 ante
542 1525 679 1570 quam
721 1524 804 1558 nos
819 1526 835 1571 3
878 1525 986 1559 cum
1018 1512 1090 1558 illa
1116 1512 1379 1559 reverentia
1406 1512 1614 1569 dicimuS,
1646 1524 1738 1571 qua
1767 1511 1838 1558 uti

203 1591 403 1643 oportet,
431 1599 540 1632 cum
563 1587 618 1632 de
646 1591 821 1632 aeterna
846 1586 1087 1634 voluntate
1112 1586 1284 1645 aliquid
1298 1586 1575 1644 judicamuS,
1593 1585 1717 1645 quod
1732 1585 1839 1632 licet

203 1659 328 1704 Deus
352 1659 509 1715 sciret,
536 1659 625 1706 imo
647 1659 887 1718 praesciret
914 1658 1060 1719 (quod
1083 1660 1206 1706 idem
1229 1665 1297 1706 est
1315 1665 1546 1719 quantum
1565 1659 1623 1706 ad
1647 1658 1838 1721 Deum),

203 1735 377 1791 absque
412 1733 644 1780 locutione
671 1739 950 1791 conceptum
986 1733 1121 1791 primi
1152 1734 1399 1792 loquentiS,
1425 1734 1574 1781 voluit
1605 1739 1761 1781 tamen
1792 1740 1838 1781 et

202 1806 357 1865 ipsum
378 1806 501 1865 loqui
518 1820 533 1864 3
561 1812 613 1852 ut
638 1806 687 1852 in
706 1805 1010 1864 explicatione
1032 1811 1175 1852 tantae
1200 1806 1317 1852 dotis
1337 1807 1612 1864 gloriaretur
1626 1807 1740 1866 ipse,
1757 1807 1836 1866 qui

203 1881 344 1939 gratis
375 1881 631 1928 dotaverat.
672 1880 732 1927 Et
773 1882 874 1927 ideo
905 1881 1128 1928 divinitus
1159 1882 1207 1927 in
1237 1882 1368 1945 nobis
1398 1894 1513 1939 esse,
1551 1882 1836 1929 credendum

202 1962 289 2012 est,
327 1956 452 2013 quod
491 1962 601 2001 actu
641 1963 908 2003 nostrorum
939 1956 1190 2002 affectuum
1220 1955 1456 2004 ordinato¹
1497 1957 1746 2004 laetamur:
1788 1964 1835 2003 et

200 2028 310 2074 binc
347 2029 533 2086 penitus
573 2029 740 2086 eligere
776 2040 1021 2087 possumus
1059 2028 1214 2073 locum
1250 2029 1396 2086 illum,
1436 2029 1516 2076 ubi
1553 2028 1730 2076 effutita
1765 2035 1836 2076 est

201 2102 349 2161 prima
380 2103 580 2150 locutio:
615 2104 834 2162 quoniam
858 2103 894 2148 si
926 2108 1061 2148 extra
1091 2102 1352 2161 paradisum
1377 2103 1560 2150 afflatus
1584 2111 1654 2151 est
1683 2104 1835 2162 hom0,

119 2203 123 2206 ·
200 2184 367 2235 extra3
398 2178 436 2223 si
466 2190 580 2225 vero
604 2178 743 2234 intra,
774 2177 896 2223 intra
919 2174 1059 2222 fuisse
1084 2175 1241 2221 locum
1271 2175 1432 2236 primae
1458 2177 1704 2224 locutionis
1728 2190 1836 2226 con-

199 2253 414 2301 vicimus

240 2369 257 2398 1
282 2370 355 2405 Per
370 2373 445 2404 atto
466 2369 634 2404 ordinato
657 2368 710 2404 de'
726 2369 843 2404 nostri
863 2368 983 2413 affetti
1052 2378 1110 2408 za,
1127 2368 1181 2404 ch*
1197 2368 1218 2403 e
1234 2368 1273 2403 in
1292 2368 1423 2405 ordine
1440 2366 1516 2404 alla
1541 2365 1713 2404 moralith
1737 2365 1840 2404 delle

197 2421 351 2458 ntende
375 2421 505 2466 quella
537 2421 679 2458 misura
702 2429 724 2457 e
747 2421 979 2457 convenien-
1051 2417 1178 2457 azioni
1196 2427 1349 2456 umanc.
