2054 3262
212 203 296 249 170

208 304 358 349 darias
383 301 586 361 vulgaris
609 303 750 351 Italiae
775 305 1054 352 variationes
1080 305 1306 352 calculare
1332 306 1544 364 velimus,
1570 307 1620 353 in
1643 307 1731 354 hoc
1753 305 1837 352 mi-

212 378 335 423 nimo
359 377 520 422 mundi
551 378 716 436 angulo
747 390 840 424 non
869 379 1015 425 solum
1046 380 1103 425 ad
1125 380 1364 426 millenam
1397 380 1592 439 loquelae
1623 379 1826 428 variatio

213 463 321 497 nem
344 450 506 498 venire
532 452 792 509 contigerit,
819 454 900 499 sed
925 454 1063 500 etiam
1092 454 1148 500 ad
1171 454 1313 512 magis
1337 455 1473 501 ultra.

834 211 977 248 LIBER
1007 211 1202 249 PRIMUS.

894 618 1058 665 CAPUT
1089 620 1158 667 XI.

314 772 538 810 Ostenditur
567 773 684 810 ltaliae
711 773 860 823 aliquos
889 773 1029 809 habere
1058 772 1200 810 idioma
1229 773 1462 822 incomptum
1492 780 1529 812 et
1558 774 1746 824 ineptum.

306 895 418 941 Tam
442 896 601 943 multis
621 896 927 943 varietatibus
951 896 1091 942 latino
1114 896 1375 942 dissonante
1399 895 1596 955 vulgari,
1617 897 1848 943 decentio-

219 983 320 1018 rem
342 976 480 1028 atque
517 971 744 1017 illustrem
781 972 921 1017 Italiae
958 983 1188 1018 venemur
1217 971 1446 1029 loquelam
1462 983 1478 1026 3
1511 976 1557 1016 et
1588 975 1642 1017 ut
1674 974 1847 1016 nostrae

220 1043 455 1091 venationi
480 1045 695 1101 pervium
722 1045 882 1091 callem
907 1046 1073 1092 habere
1098 1045 1339 1103 possimuS,
1366 1044 1610 1104 perplexos
1638 1043 1850 1110 fruticeS,

219 1121 361 1173 atque
387 1121 540 1161 sentes
564 1117 692 1174 prius
733 1115 965 1174 ejiciamus
997 1118 1052 1163 de
1092 1117 1220 1164 silva.
1265 1118 1393 1164 Sicut
1433 1129 1542 1175 ergo
1580 1117 1773 1165 Romani
1801 1129 1850 1163 se

225 1190 408 1235 cunetis
453 1191 790 1247 praeponendos
840 1191 1122 1248 existimant,
1162 1191 1210 1237 in
1259 1192 1345 1238 hac
1388 1192 1712 1249 eradicatione,
1751 1191 1852 1239 sive

224 1263 548 1321 discerptione,
579 1277 673 1310 non
698 1265 924 1311 immerito
950 1277 1026 1311 eos
1050 1266 1147 1311 aliis
1171 1278 1512 1324 praeponamus,
1545 1269 1855 1323 protestantes

222 1337 407 1382 eosdem
433 1337 481 1382 in
512 1337 636 1383 nulla
671 1339 874 1396 vulgaris
913 1340 1187 1397 eloquentiae
1228 1341 1406 1386 ratione
1446 1340 1543 1385 fore
1585 1338 1851 1396 tangendos

224 1409 432 1455 Dicimus
453 1420 562 1467 ergo
586 1411 896 1457 Romanorum
915 1423 1007 1456 non
1024 1412 1232 1468 vulgare,
1250 1412 1330 1457 sed
1355 1411 1509 1470 potius
1525 1409 1854 1468 tristilequium

226 1484 443 1529 italorum
473 1483 735 1540 vulgarium
771 1484 979 1529 omnium
1021 1496 1117 1530 esse
1157 1484 1506 1541 turpissimum:
1547 1495 1636 1530 nec
1669 1482 1856 1539 mirum,

225 1570 336 1605 cum
361 1557 501 1602 etiam
532 1570 731 1614 morum,
762 1558 1099 1616 habituumque
1129 1557 1417 1604 deformitate
1447 1569 1545 1616 prae
1578 1555 1760 1603 cunctis
1787 1555 1857 1601 vi-

228 1631 426 1676 deantur
446 1630 633 1686 soetere3
666 1630 828 1676 dicunt
855 1631 1006 1676 enim:
1050 1633 1122 1681 Me
1151 1644 1274 1687 sure,
1298 1633 1451 1691 quinte
1474 1628 1603 1676 dici.¹
1639 1629 1749 1675 Post
1777 1628 1860 1677 hos

230 1702 402 1748 incolas
445 1702 749 1749 Anconitanae
793 1703 1005 1750 Marchiae
1050 1704 1368 1762 decerpamUS,
1413 1703 1493 1762 qui
1542 1703 1860 1760 Chiqname‘nte

227 1780 371 1824 scin-te
401 1777 548 1823 state2
579 1778 866 1836 loquuntur:
899 1791 1008 1825 cum
1038 1779 1205 1837 quibus
1235 1785 1282 1829 et
1309 1779 1578 1836 Spoletanos
1607 1776 1858 1834 abjicimus,

230 1851 324 1897 Nec
349 1853 731 1909 praetereundum
762 1858 831 1898 est
863 1854 987 1910 quod
1029 1853 1078 1898 in
1113 1853 1446 1911 improperium
1483 1853 1678 1898 istarum
1717 1849 1861 1897 trium

227 1928 441 1984 gentium
468 1927 703 1972 cantiones
723 1939 861 1985 quarn
882 1928 1037 1986 plures
1062 1928 1269 1974 inventae
1295 1933 1421 1984 sunt,
1443 1927 1567 1973 inter
1588 1937 1701 1984 quas
1720 1936 1862 1971 unam

231 2001 435 2049 vidimus
465 2007 610 2056 recte,
635 2006 776 2059 atque
801 2003 1005 2059 perfecte
1029 2003 1213 2059 ligatam
1228 2016 1243 2059 3
1275 2013 1415 2059 quam
1446 2001 1634 2059 quidam
1663 1997 1864 2045 florenti-

235 2088 323 2123 nus
347 2074 532 2120 nomine
560 2074 719 2122 Castra
751 2083 1101 2134 composuerat:
1128 2076 1374 2133 incipiebat
1399 2075 1602 2122 etenim:

628 2194 644 2210 ι
673 2178 753 2216 Una
782 2178 904 2214 sen-ina
933 2189 978 2214 va
1005 2178 1133 2226 scopai
1161 2177 1208 2214 da
1238 2177 1381 2214 Cascoli

669 2247 749 2296 §ita
778 2247 854 2294 cita
883 2258 951 2283 sen
979 2247 1017 2295 gi
1047 2257 1068 2283 a
1098 2246 1243 2296 grande
1271 2246 1392 2283 aina.³
1417 2261 1435 2278 υ

275 2372 288 2399 1
316 2370 414 2407 Noto
431 2371 455 2406 il
474 2369 681 2408 Corbinelli
698 2369 767 2403 che
792 2367 802 2401 i
828 2366 1011 2402 Romane-

227 2422 311 2459 seni
329 2422 514 2457 dicevano
532 2421 607 2453 mia
630 2428 721 2452 sura
744 2426 811 2462 per
834 2417 909 2449 mia
933 2424 1011 2448 suo-

227 2483 288 2514 -ra,
306 2461 466 2507 e'chinte
495 2479 562 2514 per
590 2468 737 2512 chente‚·
760 2465 858 2501 onde
881 2463 1011 2509 quelle

231 2522 360 2568 parole
387 2519 651 2566 varrebber03
673 2516 815 2551 Sorella
840 2516 930 2558 mia,
952 2513 1013 2548 che

227 2584 310 2609 cosa
334 2571 425 2610 dici?

277 2623 294 2648 2
320 2624 578 2669 Chiynamente
607 2619 721 2656 crede
749 2618 775 2653 il
804 2615 1013 2654 Corbinelli

233 2683 341 2711 esser
369 2674 405 2707 lo
430 2676 555 2707 stesso
581 2667 765 2705 vocabolo
794 2666 831 2701 di
858 2665 1012 2700 chiuchi-

232 2730 362 2767 mente,
391 2725 461 2759 che
503 2724 541 2758 in
576 2722 729 2756 Ancona
761 2717 914 2753 usavasi
947 2725 1016 2760 per

233 2776 447 2820 qunlmente.
476 2772 592 2807 Sciate
620 2770 720 2805 forse
750 2766 837 2802 vale
868 2768 970 2807 state,
993 2774 1015 2799 o

230 2829 329 2861 com'
348 2824 432 2858 altri
452 2822 566 2856 crode
582 2823 698 2854 state.-
721 2826 781 2852 ma
805 2819 842 2851 in
866 2815 1015 2849 dialetti

233 2876 267 2911 sl
295 2875 435 2910 antichi
466 2882 487 2907 e
514 2871 544 2907 si
570 2868 723 2904 informi
745 2866 765 2902 e
789 2874 942 2910 sempre
965 2874 1015 2900 un

232 2929 329 2967 tirar
345 2936 365 2960 a
384 2925 619 2961 indovinare.

280 2977 299 3005 8
325 2978 351 3014 ll
376 2975 577 3013 Fontanini
602 2972 722 3020 (Eloq.
753 2969 853 3016 Ital.)
878 2978 1015 3016 suppo—

1084 2363 1208 2399 nendo
1226 2364 1295 2398 che
1328 2361 1466 2397 caseoli
1491 2361 1547 2395 sia
1581 2369 1692 2395 nome
1715 2358 1870 2405 proprio

1082 2416 1118 2451 di
1139 2416 1264 2458 luogo,
1283 2412 1329 2448 ne
1345 2412 1499 2448 diverso
1513 2411 1558 2447 da
1575 2411 1706 2451 Casoli,
1718 2410 1788 2445 che
1806 2413 1865 2444 sta

1083 2464 1356 2500 nell'Abruzzo
1379 2463 1558 2498 citeriore
1593 2460 1683 2506 (non
1718 2462 1874 2494 entran-

1083 2516 1165 2551 doci
1191 2516 1309 2550 Ascoli
1332 2513 1425 2550 citta
1439 2513 1540 2548 delia
1557 2510 1712 2555 Marce),
1739 2518 1871 2555 propo-

1084 2575 1131 2602 ne
1154 2565 1192 2600 di
1218 2565 1370 2610 leggere
1393 2562 1518 2608 questi
1545 2560 1618 2596 due
1642 2559 1746 2594 versi
1762 2556 1870 2594 cosi:

1174 2639 1241 2667 Una
1258 2638 1358 2666 serina
1374 2643 1466 2665 vosco
1479 2635 1527 2672 poi
1543 2633 1579 2662 da
1595 2631 1714 2661 Cascoli

1175 2683 1240 2712 Zitn
1254 2683 1314 2710 zita
1327 2678 1448 2716 sen-gia
1463 2687 1479 2708 a
1493 2676 1611 2715 'grande
1625 2676 1707 2705 aina.

1087 2762 1169 2797 Ζιια
1190 2760 1277 2796 vale
1302 2758 1409 2802 Ζίΐια,
1425 2755 1539 2798 cheta,
1555 2762 1576 2789 e
1593 2756 1683 2788 aina
1707 2752 1769 2788 val
1784 2752 1874 2795 fret-

1088 2816 1139 2854 ια,
1171 2807 1309 2856 perche
1340 2806 1439 2851 (dice
1466 2805 1491 2840 il
1517 2802 1743 2847 Corbinelli)
1770 2802 1780 2836 i
1805 2801 1874 2836 Ro·

1088 2859 1282 2897 maneschi
1306 2857 1493 2893 dicevano
1516 2857 1638 2890 ainata
1661 2864 1705 2889 su
1727 2862 1796 2898 per
1818 2853 1875 2898 as-

1083 2913 1279 2956 frettatevi.
1305 2910 1417 2950 Ama,
1441 2908 1607 2942 siccome
1637 2906 1763 2949 aqina,
1797 2906 1872 2937 tro·

1089 2964 1171 2999 vasi
1195 2962 1319 2999 iniatti
1342 2959 1404 2998 nel
1435 2957 1647 3004 significato
1677 2954 1718 2991 di
1749 2954 1878 3000 fratta,
